11749615,0.91490000,150.00000000,16502310,16502310,1682899200425,False,True
11749616,0.91500000,109.00000000,16502311,16502311,1682899204030,False,True
11749617,0.91500000,41.00000000,16502312,16502312,1682899204035,False,True
11749618,0.91470000,50.00000000,16502313,16502313,1682899205848,True,True
11749619,0.91460000,13.70000000,16502314,16502314,1682899205848,True,True
11749620,0.91480000,109.00000000,16502315,16502315,1682899206708,False,True
11749621,0.91470000,150.00000000,16502316,16502316,1682899209675,False,True
11749622,0.91480000,150.00000000,16502317,16502317,1682899209930,False,True
11749623,0.91490000,150.00000000,16502318,16502318,1682899213032,False,True
11749624,0.91490000,186.70000000,16502319,16502319,1682899213781,False,True
11749625,0.91490000,186.70000000,16502320,16502320,1682899213782,False,True
11749626,0.91520000,122.80000000,16502321,16502321,1682899213897,False,True
11749627,0.91540000,382.90000000,16502322,16502324,1682899214202,False,True
11749628,0.91680000,109.00000000,16502325,16502325,1682899214599,False,True
11749629,0.91630000,357.60000000,16502326,16502327,1682899217812,False,True
11749630,0.91710000,348.50000000,16502328,16502328,1682899217812,False,True
11749631,0.91720000,95.00000000,16502329,16502329,1682899217812,False,True
11749632,0.91730000,289.50000000,16502330,16502330,1682899217812,False,True
11749633,0.91640000,41.90000000,16502331,16502331,1682899222160,False,True
11749634,0.91590000,150.00000000,16502332,16502332,1682899223381,False,True
11749635,0.91640000,11.60000000,16502333,16502333,1682899223381,False,True
11749636,0.91680000,111.10000000,16502334,16502334,1682899223381,False,True
11749637,0.91640000,32.20000000,16502335,16502335,1682899225844,False,True
11749638,0.91640000,42.10000000,16502336,16502336,1682899225954,False,True
11749639,0.91640000,21.40000000,16502337,16502337,1682899225975,False,True
11749640,0.91600000,13.60000000,16502338,16502338,1682899228080,False,True
11749641,0.91540000,12.90000000,16502339,16502339,1682899229544,True,True
11749642,0.91550000,100.40000000,16502340,16502340,1682899230674,True,True
11749643,0.91610000,13.50000000,16502341,16502341,1682899231595,True,True
11749644,0.91600000,79.90000000,16502342,16502342,1682899237526,True,True
11749645,0.91640000,125.70000000,16502343,16502343,1682899251282,True,True
11749646,0.91640000,225.00000000,16502344,16502344,1682899254621,True,True
11749647,0.91630000,50.00000000,16502345,16502345,1682899254621,True,True
11749648,0.91600000,178.00000000,16502346,16502346,1682899254632,False,True
11749649,0.91600000,116.70000000,16502347,16502347,1682899259869,False,True
11749650,0.91640000,93.50000000,16502348,16502349,1682899266945,False,True
11749651,0.91720000,44.20000000,16502350,16502350,1682899280472,False,True
11749652,0.91720000,12.40000000,16502351,16502351,1682899280485,False,True
11749653,0.91720000,31.80000000,16502352,16502352,1682899280491,False,True
11749654,0.91660000,13.50000000,16502353,16502353,1682899282066,True,True
11749655,0.91660000,176.70000000,16502354,16502354,1682899286656,True,True
11749656,0.91720000,45.00000000,16502355,16502356,1682899296661,False,True
11749657,0.91770000,93.70000000,16502357,16502357,1682899299596,False,True
11749658,0.91760000,32.60000000,16502358,16502358,1682899306433,False,True
11749659,0.91770000,20.20000000,16502359,16502359,1682899312539,False,True
11749660,0.91720000,129.90000000,16502360,16502360,1682899329514,True,True
11749661,0.91720000,130.00000000,16502361,16502361,1682899329517,True,True
11749662,0.91720000,153.50000000,16502362,16502362,1682899329527,True,True
11749663,0.91760000,45.70000000,16502363,16502363,1682899332484,False,True
11749664,0.91680000,13.50000000,16502364,16502364,1682899334027,True,True
11749665,0.91760000,198.80000000,16502365,16502365,1682899340704,False,True
11749666,0.91710000,32.10000000,16502366,16502366,1682899347035,True,True
11749667,0.91710000,89.50000000,16502367,16502367,1682899347100,True,True
11749668,0.91700000,50.00000000,16502368,16502368,1682899347100,True,True
11749669,0.91760000,15.30000000,16502369,16502369,1682899361200,False,True
11749670,0.91760000,45.60000000,16502370,16502370,1682899364306,False,True
11749671,0.91700000,13.50000000,16502371,16502371,1682899367039,True,True
11749672,0.91700000,20.00000000,16502372,16502372,1682899369674,True,True
11749673,0.91720000,114.00000000,16502373,16502373,1682899372905,True,True
11749674,0.91700000,13.10000000,16502374,16502374,1682899374053,False,True
11749675,0.91690000,14.40000000,16502375,16502375,1682899374118,True,True
11749676,0.91680000,17.50000000,16502376,16502376,1682899374118,True,True
11749677,0.91700000,40.20000000,16502377,16502378,1682899394430,False,True
11749678,0.91750000,5.30000000,16502379,16502379,1682899394430,False,True
11749679,0.91770000,84.00000000,16502380,16502380,1682899394849,False,True
11749680,0.91710000,13.50000000,16502381,16502381,1682899396914,True,True
11749681,0.91770000,270.20000000,16502382,16502382,1682899404994,False,True
11749682,0.91800000,46.20000000,16502383,16502384,1682899422943,False,True
11749683,0.91800000,10.80000000,16502385,16502385,1682899424719,False,True
11749684,0.91770000,13.50000000,16502386,16502386,1682899425920,True,True
11749685,0.91800000,331.70000000,16502387,16502387,1682899428089,False,True
11749686,0.91810000,72.40000000,16502388,16502388,1682899428089,False,True
11749687,0.91770000,261.40000000,16502389,16502389,1682899440030,True,True
11749688,0.91710000,52.40000000,16502390,16502391,1682899440030,True,True
11749689,0.91700000,7.70000000,16502392,16502392,1682899440030,True,True
11749690,0.91810000,592.00000000,16502393,16502395,1682899440240,False,True
11749691,0.91800000,13.60000000,16502396,16502396,1682899452632,False,True
11749692,0.91780000,150.00000000,16502397,16502397,1682899452764,True,True
11749693,0.91740000,111.10000000,16502398,16502398,1682899452764,True,True
11749694,0.91790000,32.60000000,16502399,16502399,1682899453128,False,True
11749695,0.91800000,14.40000000,16502400,16502400,1682899454065,False,True
11749696,0.91820000,27.20000000,16502401,16502402,1682899454065,False,True
11749697,0.91760000,93.20000000,16502403,16502403,1682899454217,True,True
11749698,0.91830000,14.60000000,16502404,16502404,1682899455116,False,True
11749699,0.91830000,133.50000000,16502405,16502405,1682899455116,False,True
11749700,0.91830000,62.30000000,16502406,16502406,1682899455117,False,True
11749701,0.91830000,31.70000000,16502407,16502407,1682899455147,False,True
11749702,0.91800000,13.50000000,16502408,16502408,1682899455581,True,True
11749703,0.91810000,369.40000000,16502409,16502409,1682899457246,True,True
11749704,0.91810000,186.20000000,16502410,16502410,1682899457828,False,True
11749705,0.91810000,186.10000000,16502411,16502411,1682899457830,False,True
11749706,0.91860000,27.00000000,16502412,16502412,1682899479266,False,True
11749707,0.91860000,361.70000000,16502413,16502414,1682899479758,False,True
11749708,0.91870000,331.30000000,16502415,16502415,1682899479962,False,True
11749709,0.91930000,150.00000000,16502416,16502416,1682899481264,True,True
11749710,0.91870000,13.40000000,16502417,16502417,1682899481867,True,True
11749711,0.91930000,150.00000000,16502418,16502418,1682899484339,True,True
11749712,0.91930000,150.00000000,16502419,16502419,1682899487295,True,True
11749713,0.91940000,63.50000000,16502420,16502420,1682899503416,True,True
11749714,0.91940000,24.60000000,16502421,16502421,1682899505906,True,True
11749715,0.91930000,12.40000000,16502422,16502422,1682899505906,True,True
11749716,0.91870000,36.60000000,16502423,16502423,1682899505906,True,True
11749717,0.91860000,351.40000000,16502424,16502425,1682899505906,True,True
11749718,0.91820000,152.40000000,16502426,16502427,1682899508190,True,True
11749719,0.91810000,167.00000000,16502428,16502428,1682899508190,True,True
11749720,0.91940000,157.90000000,16502429,16502431,1682899508685,False,True
11749721,0.91940000,89.50000000,16502432,16502432,1682899508692,True,True
11749722,0.91940000,28.00000000,16502433,16502433,1682899509851,False,True
11749723,0.91950000,46.20000000,16502434,16502435,1682899511076,False,True
11749724,0.91860000,13.50000000,16502436,16502436,1682899513929,True,True
11749725,0.91970000,21.70000000,16502437,16502437,1682899523093,False,True
11749726,0.91970000,79.70000000,16502438,16502438,1682899523489,False,True
11749727,0.91880000,50.00000000,16502439,16502439,1682899530571,True,True
11749728,0.91870000,132.50000000,16502440,16502440,1682899530571,True,True
11749729,0.91870000,11.10000000,16502441,16502441,1682899539648,True,True
11749730,0.91970000,58.60000000,16502442,16502442,1682899542141,False,True
11749731,0.91870000,13.40000000,16502443,16502443,1682899545605,True,True
11749732,0.91960000,71.60000000,16502444,16502444,1682899548123,False,True
11749733,0.91870000,25.50000000,16502445,16502445,1682899551484,True,True
11749734,0.91860000,13.20000000,16502446,16502446,1682899551484,True,True
11749735,0.91820000,32.80000000,16502447,16502447,1682899551484,True,True
11749736,0.91940000,28.60000000,16502448,16502448,1682899552387,False,True
11749737,0.91820000,13.40000000,16502449,16502449,1682899554856,True,True
11749738,0.91850000,15.20000000,16502450,16502450,1682899564944,True,True
11749739,0.91940000,21.60000000,16502451,16502451,1682899567393,False,True
11749740,0.91850000,29.80000000,16502452,16502452,1682899568570,True,True
11749741,0.91940000,104.80000000,16502453,16502455,1682899574608,False,True
11749742,0.91960000,167.20000000,16502456,16502456,1682899574608,False,True
11749743,0.91860000,50.00000000,16502457,16502457,1682899578379,True,True
11749744,0.91850000,43.70000000,16502458,16502458,1682899578379,True,True
11749745,0.91840000,15.10000000,16502459,16502459,1682899580940,True,True
11749746,0.91950000,12.10000000,16502460,16502460,1682899614315,False,True
11749747,0.91950000,12.10000000,16502461,16502461,1682899616115,False,True
11749748,0.91950000,193.30000000,16502462,16502462,1682899641967,False,True
11749749,0.91970000,21.70000000,16502463,16502463,1682899642268,False,True
11749750,0.91970000,50.00000000,16502464,16502465,1682899647115,False,True
11749751,0.91970000,458.00000000,16502466,16502466,1682899647118,True,True
11749752,0.91970000,27.10000000,16502467,16502467,1682899647233,True,True
11749753,0.91950000,82.10000000,16502468,16502468,1682899647233,True,True
11749754,0.91980000,312.40000000,16502469,16502470,1682899651694,False,True
11749755,0.91980000,195.30000000,16502471,16502471,1682899651696,True,True
11749756,0.91950000,531.10000000,16502472,16502472,1682899656952,True,True
11749757,0.91980000,173.40000000,16502473,16502473,1682899666930,False,True
11749758,0.91980000,110.20000000,16502474,16502474,1682899670054,False,True
11749759,0.91890000,500.70000000,16502475,16502477,1682899697187,True,True
11749760,0.91860000,217.70000000,16502478,16502478,1682899697187,True,True
11749761,0.91850000,15.80000000,16502479,16502479,1682899697187,True,True
11749762,0.91840000,99.80000000,16502480,16502480,1682899697187,True,True
11749763,0.91810000,105.30000000,16502481,16502481,1682899697187,True,True
11749764,0.91800000,20.00000000,16502482,16502482,1682899697187,True,True
11749765,0.91750000,184.20000000,16502483,16502484,1682899697187,True,True
11749766,0.91720000,119.30000000,16502485,16502485,1682899697187,True,True
11749767,0.91710000,959.20000000,16502486,16502488,1682899697187,True,True
11749768,0.91700000,118.20000000,16502489,16502489,1682899697187,True,True
11749769,0.91680000,947.40000000,16502490,16502492,1682899697187,True,True
11749770,0.91670000,1103.80000000,16502493,16502493,1682899697187,True,True
11749771,0.91650000,123.40000000,16502494,16502494,1682899697187,True,True
11749772,0.91630000,109.10000000,16502495,16502495,1682899697187,True,True
11749773,0.91600000,66.00000000,16502496,16502496,1682899697187,True,True
11749774,0.91590000,294.70000000,16502497,16502498,1682899697187,True,True
11749775,0.91550000,8160.90000000,16502499,16502502,1682899697187,True,True
11749776,0.91530000,326.40000000,16502503,16502504,1682899697187,True,True
11749777,0.91510000,120.20000000,16502505,16502505,1682899697187,True,True
11749778,0.91420000,54.40000000,16502506,16502506,1682899697187,True,True
11749779,0.91410000,449.40000000,16502507,16502508,1682899697187,True,True
11749780,0.91380000,120.30000000,16502509,16502509,1682899697187,True,True
11749781,0.91370000,178.90000000,16502510,16502510,1682899697187,True,True
11749782,0.91360000,25.40000000,16502511,16502511,1682899697187,True,True
11749783,0.91340000,426.80000000,16502512,16502512,1682899697187,True,True
11749784,0.91750000,43.60000000,16502513,16502513,1682899697372,False,True
11749785,0.91670000,370.80000000,16502514,16502514,1682899697581,True,True
11749786,0.91650000,358.30000000,16502515,16502515,1682899697588,True,True
11749787,0.91600000,95.00000000,16502516,16502516,1682899700145,False,True
11749788,0.91600000,109.20000000,16502517,16502517,1682899712802,False,True
11749789,0.91600000,7.50000000,16502518,16502518,1682899721395,False,True
11749790,0.91620000,50.00000000,16502519,16502519,1682899729322,True,True
11749791,0.91620000,79.00000000,16502520,16502520,1682899729387,False,True
11749792,0.91710000,23.60000000,16502521,16502521,1682899738713,False,True
11749793,0.91630000,50.00000000,16502522,16502522,1682899740145,True,True
11749794,0.91620000,95.00000000,16502523,16502523,1682899740145,True,True
11749795,0.91600000,696.50000000,16502524,16502524,1682899740145,True,True
11749796,0.91460000,57.40000000,16502525,16502525,1682899740145,True,True
11749797,0.91450000,419.00000000,16502526,16502527,1682899740145,True,True
11749798,0.91440000,182.10000000,16502528,16502529,1682899740145,True,True
11749799,0.91430000,123.20000000,16502530,16502530,1682899740145,True,True
11749800,0.91410000,328.10000000,16502531,16502531,1682899740145,True,True
11749801,0.91370000,138.70000000,16502532,16502532,1682899740145,True,True
11749802,0.91360000,871.40000000,16502533,16502534,1682899740145,True,True
11749803,0.91350000,297.20000000,16502535,16502535,1682899740145,True,True
11749804,0.91330000,125.60000000,16502536,16502537,1682899740145,True,True
11749805,0.91300000,19.80000000,16502538,16502538,1682899740145,True,True
11749806,0.91270000,373.30000000,16502539,16502541,1682899740145,True,True
11749807,0.91250000,684.30000000,16502542,16502544,1682899740145,True,True
11749808,0.91240000,335.70000000,16502545,16502546,1682899740145,True,True
11749809,0.91220000,20.00000000,16502547,16502547,1682899740145,True,True
11749810,0.91210000,130.10000000,16502548,16502550,1682899740145,True,True
11749811,0.91200000,102.30000000,16502551,16502552,1682899740145,True,True
11749812,0.91190000,232.70000000,16502553,16502554,1682899740145,True,True
11749813,0.91170000,31.40000000,16502555,16502555,1682899740145,True,True
11749814,0.91160000,178.90000000,16502556,16502556,1682899740145,True,True
11749815,0.91100000,398.40000000,16502557,16502559,1682899740145,True,True
11749816,0.91080000,120.30000000,16502560,16502560,1682899740145,True,True
11749817,0.91040000,627.50000000,16502561,16502561,1682899740145,True,True
11749818,0.91030000,37.20000000,16502562,16502562,1682899740145,True,True
11749819,0.91020000,489.40000000,16502563,16502572,1682899740145,True,True
11749820,0.91010000,120.00000000,16502573,16502573,1682899740145,True,True
11749821,0.91000000,3844.30000000,16502574,16502583,1682899740145,True,True
11749822,0.91100000,110.30000000,16502584,16502584,1682899740145,True,True
11749823,0.91120000,1530.60000000,16502585,16502585,1682899740149,False,True
11749824,0.91120000,1132.50000000,16502586,16502586,1682899740150,False,True
11749825,0.91120000,391.00000000,16502587,16502587,1682899740150,False,True
11749826,0.91110000,109.40000000,16502588,16502588,1682899740158,True,True
11749827,0.91260000,109.90000000,16502589,16502589,1682899740162,True,True
11749828,0.91260000,10.60000000,16502590,16502590,1682899740162,True,True
11749829,0.91190000,120.60000000,16502591,16502591,1682899740162,True,True
11749830,0.91110000,0.70000000,16502592,16502592,1682899740162,True,True
11749831,0.91160000,177.00000000,16502593,16502595,1682899740554,True,True
11749832,0.91120000,67.20000000,16502596,16502596,1682899740554,True,True
11749833,0.91300000,354.40000000,16502597,16502597,1682899741284,False,True
11749834,0.91310000,57.40000000,16502598,16502598,1682899741284,False,True
11749835,0.91360000,124.40000000,16502599,16502599,1682899741284,False,True
11749836,0.91370000,128.00000000,16502600,16502600,1682899741284,False,True
11749837,0.91370000,41.70000000,16502601,16502601,1682899741287,True,True
11749838,0.91340000,79.70000000,16502602,16502603,1682899741395,False,True
11749839,0.91250000,78.60000000,16502604,16502604,1682899742518,True,True
11749840,0.91360000,345.70000000,16502605,16502605,1682899742596,False,True
11749841,0.91360000,117.30000000,16502606,16502606,1682899744241,False,True
11749842,0.91360000,109.20000000,16502607,16502607,1682899744296,False,True
11749843,0.91360000,130.30000000,16502608,16502608,1682899744478,False,True
11749844,0.91360000,342.70000000,16502609,16502609,1682899744492,False,True
11749845,0.91360000,259.40000000,16502610,16502610,1682899744571,False,True
11749846,0.91360000,259.40000000,16502611,16502611,1682899744579,False,True
11749847,0.91370000,20.30000000,16502612,16502612,1682899747095,False,True
11749848,0.91330000,489.40000000,16502613,16502613,1682899750107,False,True
11749849,0.91360000,120.50000000,16502614,16502614,1682899757157,True,True
11749850,0.91370000,58.80000000,16502615,16502617,1682899759299,False,True
11749851,0.91360000,340.10000000,16502618,16502620,1682899773303,True,True
11749852,0.91350000,95.00000000,16502621,16502621,1682899773303,True,True
11749853,0.91330000,218.90000000,16502622,16502622,1682899773303,True,True
11749854,0.91310000,208.00000000,16502623,16502623,1682899773303,True,True
11749855,0.91260000,50.00000000,16502624,16502624,1682899773303,True,True
11749856,0.91230000,57.60000000,16502625,16502625,1682899773303,True,True
11749857,0.91210000,57.30000000,16502626,16502626,1682899773303,True,True
11749858,0.91190000,57.30000000,16502627,16502627,1682899773303,True,True
11749859,0.91170000,76.10000000,16502628,16502628,1682899773303,True,True
11749860,0.91160000,551.40000000,16502629,16502630,1682899773303,True,True
11749861,0.91150000,243.70000000,16502631,16502631,1682899773303,True,True
11749862,0.91140000,254.40000000,16502632,16502632,1682899773303,True,True
11749863,0.91110000,329.20000000,16502633,16502633,1682899773303,True,True
11749864,0.91100000,5196.40000000,16502634,16502635,1682899773303,True,True
11749865,0.91050000,281.70000000,16502636,16502636,1682899773303,True,True
11749866,0.91020000,109.80000000,16502637,16502637,1682899773303,True,True
11749867,0.91010000,216.30000000,16502638,16502638,1682899773303,True,True
11749868,0.91360000,176.80000000,16502639,16502639,1682899773312,True,True
11749869,0.91360000,176.80000000,16502640,16502640,1682899773312,True,True
11749870,0.91360000,0.10000000,16502641,16502641,1682899773312,True,True
11749871,0.91190000,57.60000000,16502642,16502642,1682899773320,False,True
11749872,0.91200000,105.00000000,16502643,16502643,1682899773320,False,True
11749873,0.91190000,28.10000000,16502644,16502644,1682899773330,False,True
11749874,0.91190000,57.60000000,16502645,16502645,1682899773338,False,True
11749875,0.91200000,103.00000000,16502646,16502646,1682899773338,False,True
11749876,0.91210000,12.10000000,16502647,16502647,1682899776075,True,True
11749877,0.91290000,306.30000000,16502648,16502648,1682899777264,False,True
11749878,0.91290000,68.00000000,16502649,16502649,1682899777642,False,True
11749879,0.91300000,115.10000000,16502650,16502650,1682899777642,False,True
11749880,0.91300000,16.90000000,16502651,16502651,1682899781171,True,True
11749881,0.91290000,375.90000000,16502652,16502653,1682899789104,False,True
11749882,0.91300000,92.90000000,16502654,16502654,1682899789104,False,True
11749883,0.91300000,0.20000000,16502655,16502655,1682899800868,False,True
11749884,0.91320000,61.90000000,16502656,16502656,1682899800868,False,True
11749885,0.91260000,50.00000000,16502657,16502657,1682899805671,True,True
11749886,0.91250000,86.70000000,16502658,16502658,1682899805671,True,True
11749887,0.91250000,132.40000000,16502659,16502659,1682899806302,True,True
11749888,0.91240000,446.60000000,16502660,16502661,1682899806302,True,True
11749889,0.91180000,57.60000000,16502662,16502662,1682899806302,True,True
11749890,0.91160000,28.10000000,16502663,16502663,1682899806302,True,True
11749891,0.91150000,29.50000000,16502664,16502664,1682899806302,True,True
11749892,0.91140000,28.10000000,16502665,16502665,1682899806302,True,True
11749893,0.91130000,29.50000000,16502666,16502666,1682899806302,True,True
11749894,0.91120000,28.10000000,16502667,16502667,1682899806302,True,True
11749895,0.91110000,29.50000000,16502668,16502668,1682899806302,True,True
11749896,0.91050000,192.30000000,16502669,16502670,1682899806302,True,True
11749897,0.91010000,39.40000000,16502671,16502671,1682899806302,True,True
11749898,0.91000000,5213.10000000,16502672,16502684,1682899806302,True,True
11749899,0.91120000,219.00000000,16502685,16502686,1682899810346,False,True
11749900,0.91130000,139.20000000,16502687,16502687,1682899810346,False,True
11749901,0.91130000,161.10000000,16502688,16502688,1682899810347,False,True
11749902,0.91150000,57.60000000,16502689,16502689,1682899810347,False,True
11749903,0.91170000,57.60000000,16502690,16502690,1682899810347,False,True
11749904,0.91230000,57.60000000,16502691,16502691,1682899810347,False,True
11749905,0.91250000,57.60000000,16502692,16502692,1682899810347,False,True
11749906,0.91260000,119.60000000,16502693,16502693,1682899810347,False,True
11749907,0.91280000,123.40000000,16502694,16502694,1682899810347,False,True
11749908,0.91270000,57.60000000,16502695,16502695,1682899810352,False,True
11749909,0.91280000,87.30000000,16502696,16502696,1682899810352,False,True
11749910,0.91300000,66.00000000,16502697,16502697,1682899810352,False,True
11749911,0.91310000,133.40000000,16502698,16502698,1682899810352,False,True
11749912,0.91320000,219.00000000,16502699,16502699,1682899810352,False,True
11749913,0.91330000,128.80000000,16502700,16502700,1682899810352,False,True
11749914,0.91120000,95.00000000,16502701,16502701,1682899810364,False,True
11749915,0.91210000,29.90000000,16502702,16502702,1682899810732,True,True
11749916,0.91330000,21.40000000,16502703,16502703,1682899812816,False,True
11749917,0.91310000,60.30000000,16502704,16502704,1682899814615,False,True
11749918,0.91320000,218.80000000,16502705,16502705,1682899814615,False,True
11749919,0.91230000,50.00000000,16502706,16502706,1682899816737,True,True
11749920,0.91220000,56.00000000,16502707,16502707,1682899816737,True,True
11749921,0.91230000,40.70000000,16502708,16502708,1682899819891,False,True
11749922,0.91230000,22.00000000,16502709,16502709,1682899823990,False,True
11749923,0.91200000,95.00000000,16502710,16502710,1682899826378,True,True
11749924,0.91190000,355.50000000,16502711,16502711,1682899826378,True,True
11749925,0.91160000,57.70000000,16502712,16502712,1682899826378,True,True
11749926,0.91140000,107.70000000,16502713,16502714,1682899826378,True,True
11749927,0.91120000,57.70000000,16502715,16502715,1682899826378,True,True
11749928,0.91100000,57.70000000,16502716,16502716,1682899826378,True,True
11749929,0.91080000,57.70000000,16502717,16502717,1682899826378,True,True
11749930,0.91010000,107.10000000,16502718,16502718,1682899826378,True,True
11749931,0.91000000,2561.00000000,16502719,16502719,1682899826378,True,True
11749932,0.91110000,22.00000000,16502720,16502720,1682899829071,False,True
11749933,0.91110000,16.10000000,16502721,16502721,1682899829583,False,True
11749934,0.91110000,11.60000000,16502722,16502722,1682899832512,False,True
11749935,0.91130000,10.30000000,16502723,16502723,1682899832512,False,True
11749936,0.91150000,32.90000000,16502724,16502724,1682899834011,True,True
11749937,0.91190000,50.00000000,16502725,16502725,1682899851491,True,True
11749938,0.91180000,356.50000000,16502726,16502726,1682899851491,True,True
11749939,0.91150000,219.40000000,16502727,16502727,1682899851491,True,True
11749940,0.91130000,109.70000000,16502728,16502728,1682899890325,False,True
11749941,0.91110000,367.60000000,16502729,16502730,1682899918012,False,True
11749942,0.91120000,12.10000000,16502731,16502731,1682899925549,False,True
11749943,0.91110000,34.20000000,16502732,16502732,1682899931568,True,True
11749944,0.91120000,368.30000000,16502733,16502733,1682899969882,True,True
11749945,0.91110000,112.10000000,16502734,16502734,1682899969882,True,True
11749946,0.91110000,951.20000000,16502735,16502735,1682899970113,True,True
11749947,0.91080000,117.90000000,16502736,16502736,1682899970113,True,True
11749948,0.91010000,50.00000000,16502737,16502737,1682899970113,True,True
11749949,0.91000000,11.50000000,16502738,16502738,1682899970113,True,True
11749950,0.90980000,208.80000000,16502739,16502739,1682899970113,True,True
11749951,0.90940000,11.00000000,16502740,16502740,1682899970113,True,True
11749952,0.90930000,604.80000000,16502741,16502741,1682899970113,True,True
11749953,0.90910000,120.00000000,16502742,16502742,1682899970113,True,True
11749954,0.90900000,266.70000000,16502743,16502745,1682899970113,True,True
11749955,0.91020000,103.00000000,16502746,16502746,1682899970261,False,True
11749956,0.91050000,95.00000000,16502747,16502747,1682899970288,False,True
11749957,0.91060000,262.30000000,16502748,16502748,1682899970288,False,True
11749958,0.91050000,95.00000000,16502749,16502749,1682899970316,False,True
11749959,0.91060000,95.00000000,16502750,16502750,1682899970345,False,True
11749960,0.91060000,164.00000000,16502751,16502751,1682899970374,False,True
11749961,0.91060000,164.00000000,16502752,16502752,1682899970399,False,True
11749962,0.91000000,145.00000000,16502753,16502754,1682899976048,True,True
11749963,0.90990000,28.30000000,16502755,16502755,1682899976048,True,True
11749964,0.91080000,21.90000000,16502756,16502756,1682899981617,False,True
11749965,0.91010000,36.10000000,16502757,16502757,1682899982372,True,True
11749966,0.91090000,19.90000000,16502758,16502758,1682899986337,False,True
11749967,0.91090000,548.90000000,16502759,16502760,1682899992816,False,True
11749968,0.91090000,20.40000000,16502761,16502761,1682899992828,False,True
11749969,0.91100000,49.50000000,16502762,16502762,1682900008171,False,True
11749970,0.91030000,50.00000000,16502763,16502763,1682900034024,True,True
11749971,0.90920000,95.00000000,16502764,16502764,1682900037940,True,True
11749972,0.90910000,370.50000000,16502765,16502765,1682900037940,True,True
11749973,0.90900000,1.90000000,16502766,16502766,1682900037940,True,True
11749974,0.90900000,190.00000000,16502767,16502767,1682900037943,True,True
11749975,0.91020000,222.30000000,16502768,16502768,1682900040147,False,True
11749976,0.91030000,177.90000000,16502769,16502769,1682900040149,False,True
11749977,0.91030000,400.20000000,16502770,16502770,1682900040150,False,True
11749978,0.91030000,133.40000000,16502771,16502771,1682900040152,False,True
11749979,0.91030000,39.40000000,16502772,16502772,1682900040160,False,True
11749980,0.91230000,95.00000000,16502773,16502773,1682900041267,False,True
11749981,0.91240000,116.10000000,16502774,16502774,1682900041267,False,True
11749982,0.91250000,296.40000000,16502775,16502775,1682900041267,False,True
11749983,0.91260000,66.00000000,16502776,16502776,1682900041267,False,True
11749984,0.91270000,111.20000000,16502777,16502777,1682900041267,False,True
11749985,0.91240000,208.20000000,16502778,16502778,1682900041542,False,True
11749986,0.91260000,314.10000000,16502779,16502780,1682900041542,False,True
11749987,0.91270000,57.70000000,16502781,16502781,1682900041542,False,True
11749988,0.91300000,54.70000000,16502782,16502782,1682900041542,False,True
11749989,0.91360000,44.10000000,16502783,16502783,1682900041542,False,True
11749990,0.91220000,145.00000000,16502784,16502785,1682900049194,True,True
11749991,0.91180000,352.60000000,16502786,16502786,1682900049194,True,True
11749992,0.91150000,219.10000000,16502787,16502787,1682900049194,True,True
11749993,0.91000000,103.00000000,16502788,16502788,1682900049194,True,True
11749994,0.90980000,186.80000000,16502789,16502789,1682900049194,True,True
11749995,0.90970000,95.50000000,16502790,16502790,1682900049194,True,True
11749996,0.91080000,95.00000000,16502791,16502791,1682900053787,True,True
11749997,0.91070000,15.10000000,16502792,16502792,1682900053787,True,True
11749998,0.91070000,337.10000000,16502793,16502793,1682900053796,True,True
11749999,0.91080000,95.00000000,16502794,16502794,1682900053798,True,True
11750000,0.91070000,6.70000000,16502795,16502795,1682900053798,True,True
11750001,0.91060000,50.00000000,16502796,16502796,1682900053798,True,True
11750002,0.91030000,50.00000000,16502797,16502797,1682900053798,True,True
11750003,0.91000000,48.30000000,16502798,16502798,1682900053798,True,True
11750004,0.91020000,95.00000000,16502799,16502799,1682900057863,True,True
11750005,0.91010000,369.10000000,16502800,16502800,1682900057863,True,True
11750006,0.91000000,2112.60000000,16502801,16502801,1682900057865,False,True
11750007,0.90990000,357.70000000,16502802,16502802,1682900057871,False,True
11750008,0.90990000,9.20000000,16502803,16502803,1682900057874,False,True
11750009,0.91000000,1249.10000000,16502804,16502804,1682900057875,False,True
11750010,0.90990000,46.30000000,16502805,16502805,1682900063306,True,True
11750011,0.91100000,267.00000000,16502806,16502807,1682900140523,False,True
11750012,0.91100000,122.80000000,16502808,16502808,1682900142352,False,True
11750013,0.91110000,362.30000000,16502809,16502809,1682900142352,False,True
11750014,0.91130000,57.70000000,16502810,16502810,1682900142352,False,True
11750015,0.91150000,152.70000000,16502811,16502812,1682900150717,False,True
11750016,0.91160000,110.00000000,16502813,16502813,1682900150717,False,True
11750017,0.91130000,14.90000000,16502814,16502814,1682900160250,False,True
11750018,0.91080000,95.00000000,16502815,16502815,1682900164486,True,True
11750019,0.91070000,364.20000000,16502816,16502816,1682900164486,True,True
11750020,0.91060000,69.20000000,16502817,16502817,1682900164486,True,True
11750021,0.91010000,50.00000000,16502818,16502818,1682900164486,True,True
11750022,0.91000000,308.40000000,16502819,16502819,1682900164486,True,True
11750023,0.90990000,185.40000000,16502820,16502820,1682900164486,True,True
11750024,0.91060000,88.10000000,16502821,16502821,1682900165869,False,True
11750025,0.91100000,95.00000000,16502822,16502822,1682900165869,False,True
11750026,0.91110000,190.70000000,16502823,16502823,1682900165869,False,True
11750027,0.91000000,109.80000000,16502824,16502824,1682900174042,True,True
11750028,0.91110000,50.40000000,16502825,16502825,1682900178621,False,True
11750029,0.91090000,570.50000000,16502826,16502826,1682900234886,False,True
11750030,0.91100000,571.10000000,16502827,16502827,1682900234886,False,True
11750031,0.91190000,521.00000000,16502828,16502830,1682900234886,False,True
11750032,0.91210000,138.40000000,16502831,16502831,1682900234886,False,True
11750033,0.91240000,128.70000000,16502832,16502833,1682900234886,False,True
11750034,0.91280000,123.70000000,16502834,16502834,1682900234886,False,True
11750035,0.91300000,193.40000000,16502835,16502836,1682900234886,False,True
11750036,0.91320000,924.30000000,16502837,16502838,1682900234886,False,True
11750037,0.91330000,741.40000000,16502839,16502839,1682900234886,False,True
11750038,0.91340000,114.80000000,16502840,16502840,1682900234886,False,True
11750039,0.91360000,284.20000000,16502841,16502841,1682900234886,False,True
11750040,0.91420000,457.00000000,16502842,16502843,1682900234886,False,True
11750041,0.91420000,0.20000000,16502844,16502844,1682900234886,False,True
11750042,0.91470000,110.60000000,16502845,16502846,1682900262448,False,True
11750043,0.91380000,44.90000000,16502847,16502847,1682900264567,True,True
11750044,0.91380000,124.00000000,16502848,16502848,1682900265185,True,True
11750045,0.91370000,373.20000000,16502849,16502849,1682900265186,True,True
11750046,0.91270000,219.10000000,16502850,16502850,1682900274611,True,True
11750047,0.91340000,21.00000000,16502851,16502851,1682900279961,False,True
11750048,0.91240000,706.00000000,16502852,16502854,1682900280485,True,True
11750049,0.91260000,17.20000000,16502855,16502855,1682900288478,False,True
11750050,0.91260000,16.40000000,16502856,16502856,1682900289023,False,True
11750051,0.91160000,360.20000000,16502857,16502857,1682900323662,True,True
11750052,0.91150000,139.80000000,16502858,16502858,1682900323662,True,True
11750053,0.91020000,95.00000000,16502859,16502859,1682900335750,True,True
11750054,0.91010000,9.30000000,16502860,16502860,1682900335750,True,True
11750055,0.91030000,52.60000000,16502861,16502861,1682900357365,True,True
11750056,0.91030000,366.10000000,16502862,16502862,1682900379511,True,True
11750057,0.91030000,490.60000000,16502863,16502863,1682900379514,False,True
11750058,0.91060000,371.80000000,16502864,16502864,1682900395178,False,True
11750059,0.91070000,168.50000000,16502865,16502865,1682900395180,False,True
11750060,0.91080000,293.50000000,16502866,16502866,1682900398902,False,True
11750061,0.91080000,103.40000000,16502867,16502867,1682900400746,False,True
11750062,0.91060000,53.70000000,16502868,16502868,1682900428237,False,True
11750063,0.91060000,323.30000000,16502869,16502869,1682900428249,False,True
11750064,0.91030000,21.30000000,16502870,16502870,1682900434241,True,True
11750065,0.91030000,86.10000000,16502871,16502871,1682900441681,False,True
11750066,0.91030000,29.70000000,16502872,16502872,1682900446844,True,True
11750067,0.91030000,208.00000000,16502873,16502873,1682900446872,False,True
11750068,0.91020000,58.90000000,16502874,16502874,1682900450902,True,True
11750069,0.91060000,12.10000000,16502875,16502875,1682900452768,False,True
11750070,0.91020000,183.60000000,16502876,16502877,1682900463641,True,True
11750071,0.91020000,254.80000000,16502878,16502878,1682900463651,False,True
11750072,0.91010000,109.80000000,16502879,16502879,1682900465324,True,True
11750073,0.91010000,578.80000000,16502880,16502880,1682900465341,True,True
11750074,0.91010000,12.40000000,16502881,16502881,1682900480236,True,True
11750075,0.91010000,97.40000000,16502882,16502883,1682900486689,True,True
11750076,0.91010000,634.60000000,16502884,16502884,1682900487353,False,True
11750077,0.91000000,11.90000000,16502885,16502885,1682900507453,False,True
11750078,0.91000000,14.20000000,16502886,16502886,1682900510262,False,True
11750079,0.91000000,199.00000000,16502887,16502887,1682900546424,False,True
11750080,0.91000000,741.80000000,16502888,16502890,1682900546438,False,True
11750081,0.91000000,64.90000000,16502891,16502891,1682900546837,True,True
11750082,0.90990000,59.90000000,16502892,16502892,1682900546837,True,True
11750083,0.90990000,269.80000000,16502893,16502893,1682900556638,True,True
11750084,0.90990000,97.00000000,16502894,16502894,1682900557690,False,True
11750085,0.90980000,49.00000000,16502895,16502895,1682900581209,False,True
11750086,0.90980000,219.80000000,16502896,16502896,1682900581919,False,True
11750087,0.90920000,219.80000000,16502897,16502897,1682900591435,True,True
11750088,0.90920000,149.60000000,16502898,16502898,1682900591445,False,True
11750089,0.90920000,67.70000000,16502899,16502899,1682900591448,False,True
11750090,0.90980000,18.60000000,16502900,16502900,1682900592650,False,True
11750091,0.90970000,38.40000000,16502901,16502901,1682900592955,False,True
11750092,0.90910000,27.50000000,16502902,16502902,1682900594228,True,True
11750093,0.90930000,471.50000000,16502903,16502904,1682900604448,True,True
11750094,0.90910000,343.40000000,16502905,16502915,1682900604448,True,True
11750095,0.90910000,57.20000000,16502916,16502916,1682900604457,False,True
11750096,0.90910000,802.10000000,16502917,16502917,1682900604460,False,True
11750097,0.90910000,0.10000000,16502918,16502918,1682900604460,False,True
11750098,0.90990000,27.40000000,16502919,16502919,1682900605641,False,True
11750099,0.90910000,348.30000000,16502920,16502920,1682900627880,True,True
11750100,0.90910000,32.70000000,16502921,16502921,1682900627888,False,True
11750101,0.90910000,106.10000000,16502922,16502922,1682900627888,False,True
11750102,0.90910000,150.30000000,16502923,16502923,1682900627889,False,True
11750103,0.90910000,27.90000000,16502924,16502924,1682900627889,False,True
11750104,0.90910000,535.20000000,16502925,16502925,1682900627889,False,True
11750105,0.90910000,14.00000000,16502926,16502926,1682900630463,True,True
11750106,0.90910000,339.40000000,16502927,16502927,1682900633087,True,True
11750107,0.90990000,365.00000000,16502928,16502928,1682900635818,False,True
11750108,0.91000000,83.80000000,16502929,16502929,1682900635818,False,True
11750109,0.90980000,47.90000000,16502930,16502930,1682900652057,False,True
11750110,0.90990000,21.90000000,16502931,16502931,1682900655954,False,True
11750111,0.90920000,109.90000000,16502932,16502932,1682900712792,True,True
11750112,0.90990000,23.80000000,16502933,16502933,1682900726728,False,True
11750113,0.90990000,113.00000000,16502934,16502935,1682900732902,False,True
11750114,0.91000000,257.20000000,16502936,16502936,1682900732928,False,True
11750115,0.90970000,57.20000000,16502937,16502937,1682900741069,False,True
11750116,0.90970000,57.20000000,16502938,16502938,1682900741097,False,True
11750117,0.90970000,21.00000000,16502939,16502939,1682900741127,False,True
11750118,0.90970000,36.20000000,16502940,16502940,1682900760403,False,True
11750119,0.90970000,42.40000000,16502941,16502941,1682900760432,False,True
11750120,0.90960000,26.90000000,16502942,16502942,1682900783688,False,True
11750121,0.90970000,47.40000000,16502943,16502943,1682900783688,False,True
11750122,0.90910000,121.80000000,16502944,16502944,1682900784467,True,True
11750123,0.90910000,23.00000000,16502945,16502945,1682900790589,True,True
11750124,0.90970000,60.90000000,16502946,16502946,1682900813665,False,True
11750125,0.90990000,51.80000000,16502947,16502947,1682900813665,False,True
11750126,0.90970000,41.20000000,16502948,16502948,1682900820905,False,True
11750127,0.90970000,57.20000000,16502949,16502949,1682900821410,False,True
11750128,0.90970000,57.20000000,16502950,16502950,1682900821442,False,True
11750129,0.90910000,24.60000000,16502951,16502951,1682900821724,True,True
11750130,0.90970000,152.70000000,16502952,16502953,1682900829894,True,True
11750131,0.90970000,57.20000000,16502954,16502954,1682900829970,False,True
11750132,0.90970000,57.20000000,16502955,16502955,1682900829992,False,True
11750133,0.90970000,56.80000000,16502956,16502956,1682900830017,False,True
11750134,0.90970000,57.20000000,16502957,16502957,1682900834191,False,True
11750135,0.90970000,57.20000000,16502958,16502958,1682900834219,False,True
11750136,0.90970000,57.20000000,16502959,16502959,1682900834263,False,True
11750137,0.90970000,57.20000000,16502960,16502960,1682900834298,False,True
11750138,0.90970000,57.20000000,16502961,16502961,1682900834336,False,True
11750139,0.90970000,57.20000000,16502962,16502962,1682900834476,False,True
11750140,0.90970000,57.20000000,16502963,16502963,1682900834527,False,True
11750141,0.90970000,57.20000000,16502964,16502964,1682900834562,False,True
11750142,0.90970000,57.20000000,16502965,16502965,1682900834683,False,True
11750143,0.90970000,56.90000000,16502966,16502966,1682900834718,False,True
11750144,0.90970000,57.20000000,16502967,16502967,1682900836947,False,True
11750145,0.90970000,57.20000000,16502968,16502968,1682900836972,False,True
11750146,0.90970000,57.20000000,16502969,16502969,1682900837302,False,True
11750147,0.90970000,57.20000000,16502970,16502970,1682900837323,False,True
11750148,0.90970000,57.20000000,16502971,16502971,1682900837349,False,True
11750149,0.90970000,57.20000000,16502972,16502972,1682900837376,False,True
11750150,0.90970000,57.20000000,16502973,16502973,1682900837400,False,True
11750151,0.90970000,57.20000000,16502974,16502974,1682900837421,False,True
11750152,0.90970000,57.20000000,16502975,16502975,1682900837448,False,True
11750153,0.90970000,56.90000000,16502976,16502976,1682900837471,False,True
11750154,0.90970000,57.20000000,16502977,16502977,1682900839615,False,True
11750155,0.90970000,57.20000000,16502978,16502978,1682900839645,False,True
11750156,0.90970000,25.60000000,16502979,16502979,1682900839666,False,True
11750157,0.90930000,338.40000000,16502980,16502981,1682900861731,True,True
11750158,0.90930000,295.10000000,16502982,16502982,1682900883175,True,True
11750159,0.90930000,69.40000000,16502983,16502983,1682900883196,False,True
11750160,0.91040000,318.40000000,16502984,16502985,1682900896183,False,True
11750161,0.91050000,20.20000000,16502986,16502986,1682900896183,False,True
11750162,0.90970000,174.90000000,16502987,16502988,1682900910833,True,True
11750163,0.90950000,95.00000000,16502989,16502989,1682900910833,True,True
11750164,0.90940000,68.40000000,16502990,16502990,1682900910833,True,True
11750165,0.90940000,24.70000000,16502991,16502991,1682900914457,True,True
11750166,0.91030000,100.50000000,16502992,16502992,1682900990106,False,True
11750167,0.91030000,249.90000000,16502993,16502993,1682901000815,False,True
11750168,0.91040000,95.00000000,16502994,16502994,1682901000815,False,True
11750169,0.91060000,57.80000000,16502995,16502995,1682901000815,False,True
11750170,0.91100000,219.50000000,16502996,16502996,1682901000815,False,True
11750171,0.91140000,64.30000000,16502997,16502997,1682901000815,False,True
11750172,0.91150000,262.80000000,16502998,16502999,1682901000815,False,True
11750173,0.91180000,730.20000000,16503000,16503000,1682901000815,False,True
11750174,0.91190000,669.80000000,16503001,16503003,1682901000815,False,True
11750175,0.91220000,114.30000000,16503004,16503004,1682901000815,False,True
11750176,0.91230000,193.70000000,16503005,16503006,1682901000815,False,True
11750177,0.91240000,119.10000000,16503007,16503007,1682901000815,False,True
11750178,0.91260000,130.70000000,16503008,16503009,1682901000815,False,True
11750179,0.91280000,92.70000000,16503010,16503010,1682901000815,False,True
11750180,0.91290000,286.40000000,16503011,16503011,1682901000815,False,True
11750181,0.91250000,122.50000000,16503012,16503013,1682901005236,False,True
11750182,0.91260000,348.00000000,16503014,16503014,1682901005236,False,True
11750183,0.91270000,219.10000000,16503015,16503015,1682901005236,False,True
11750184,0.91290000,27.70000000,16503016,16503016,1682901005241,True,True
11750185,0.91220000,53.00000000,16503017,16503017,1682901014143,True,True
11750186,0.91280000,11.60000000,16503018,16503018,1682901015293,False,True
11750187,0.91220000,56.80000000,16503019,16503019,1682901021227,True,True
11750188,0.91220000,6.40000000,16503020,16503020,1682901036056,True,True
11750189,0.91180000,15.00000000,16503021,16503021,1682901046402,True,True
11750190,0.91220000,183.40000000,16503022,16503022,1682901049354,False,True
11750191,0.91280000,35.70000000,16503023,16503023,1682901049354,False,True
11750192,0.91280000,95.00000000,16503024,16503024,1682901049434,False,True
11750193,0.91240000,19.30000000,16503025,16503025,1682901083749,True,True
11750194,0.91300000,13.20000000,16503026,16503026,1682901085816,False,True
11750195,0.91240000,17.30000000,16503027,16503027,1682901090161,True,True
11750196,0.91240000,174.50000000,16503028,16503030,1682901123443,True,True
11750197,0.91220000,120.00000000,16503031,16503031,1682901123454,True,True
11750198,0.91200000,185.60000000,16503032,16503033,1682901123456,True,True
11750199,0.91260000,21.60000000,16503034,16503034,1682901156013,False,True
11750200,0.91280000,136.50000000,16503035,16503035,1682901194881,False,True
11750201,0.91180000,111.10000000,16503036,16503036,1682901217836,True,True
11750202,0.91220000,18.00000000,16503037,16503037,1682901378177,True,True
11750203,0.91180000,40.00000000,16503038,16503038,1682901378177,True,True
11750204,0.91160000,54.60000000,16503039,16503039,1682901378460,False,True
11750205,0.91160000,12.00000000,16503040,16503040,1682901379544,False,True
11750206,0.91160000,14.00000000,16503041,16503041,1682901393849,False,True
11750207,0.91150000,14.10000000,16503042,16503042,1682901409593,True,True
11750208,0.91160000,905.80000000,16503043,16503044,1682901415144,False,True
11750209,0.91180000,645.30000000,16503045,16503045,1682901415144,False,True
11750210,0.91300000,95.00000000,16503046,16503046,1682901415144,False,True
11750211,0.91310000,121.20000000,16503047,16503047,1682901415144,False,True
11750212,0.91330000,364.90000000,16503048,16503048,1682901415144,False,True
11750213,0.91360000,137.20000000,16503049,16503049,1682901415144,False,True
11750214,0.91380000,116.60000000,16503050,16503050,1682901415144,False,True
11750215,0.91400000,115.50000000,16503051,16503051,1682901415144,False,True
11750216,0.91410000,322.50000000,16503052,16503052,1682901415144,False,True
11750217,0.91420000,237.90000000,16503053,16503054,1682901415144,False,True
11750218,0.91470000,124.70000000,16503055,16503055,1682901415144,False,True
11750219,0.91480000,137.40000000,16503056,16503056,1682901415144,False,True
11750220,0.91490000,713.50000000,16503057,16503058,1682901415144,False,True
11750221,0.91500000,125.00000000,16503059,16503059,1682901415144,False,True
11750222,0.91380000,218.60000000,16503060,16503061,1682901418650,True,True
11750223,0.91380000,159.90000000,16503062,16503062,1682901418655,True,True
11750224,0.91290000,355.10000000,16503063,16503063,1682901420574,True,True
11750225,0.91280000,95.00000000,16503064,16503064,1682901420574,True,True
11750226,0.91260000,57.70000000,16503065,16503065,1682901420574,True,True
11750227,0.91240000,57.70000000,16503066,16503066,1682901420574,True,True
11750228,0.91220000,63.30000000,16503067,16503068,1682901420574,True,True
11750229,0.91230000,119.40000000,16503069,16503069,1682901431894,True,True
11750230,0.91270000,344.30000000,16503070,16503070,1682901454615,False,True
11750231,0.91280000,555.70000000,16503071,16503072,1682901540073,False,True
11750232,0.91290000,240.90000000,16503073,16503073,1682901540076,False,True
11750233,0.91320000,131.30000000,16503074,16503074,1682901542493,False,True
11750234,0.91290000,22.40000000,16503075,16503075,1682901573953,False,True
11750235,0.91300000,350.60000000,16503076,16503076,1682901586774,True,True
11750236,0.91290000,142.90000000,16503077,16503078,1682901586774,True,True
11750237,0.91270000,84.30000000,16503079,16503079,1682901608630,True,True
11750238,0.91260000,23.30000000,16503080,16503080,1682901608630,True,True
11750239,0.91270000,13.80000000,16503081,16503081,1682901610709,False,True
11750240,0.91270000,36.60000000,16503082,16503082,1682901626700,True,True
11750241,0.91280000,119.60000000,16503083,16503083,1682901634279,False,True
11750242,0.91280000,12.60000000,16503084,16503084,1682901659560,False,True
11750243,0.91270000,6150.50000000,16503085,16503087,1682901689495,True,True
11750244,0.91250000,285.50000000,16503088,16503088,1682901689505,True,True
11750245,0.91250000,366.30000000,16503089,16503090,1682901713956,False,True
11750246,0.91260000,219.10000000,16503091,16503091,1682901713956,False,True
11750247,0.91290000,271.70000000,16503092,16503092,1682901713956,False,True
11750248,0.91320000,12.20000000,16503093,16503093,1682901737965,True,True
11750249,0.91300000,368.50000000,16503094,16503094,1682901737965,True,True
11750250,0.91290000,787.20000000,16503095,16503095,1682901737965,True,True
11750251,0.91250000,14.70000000,16503096,16503096,1682901739785,False,True
11750252,0.91160000,12.00000000,16503097,16503097,1682901769115,True,True
11750253,0.91170000,105.20000000,16503098,16503098,1682901817575,True,True
11750254,0.91150000,75.30000000,16503099,16503099,1682901817575,True,True
11750255,0.91120000,114.20000000,16503100,16503100,1682901817575,True,True
11750256,0.91100000,109.80000000,16503101,16503101,1682901817576,True,True
11750257,0.91100000,120.80000000,16503102,16503103,1682901817576,True,True
11750258,0.91150000,366.40000000,16503104,16503104,1682901838291,False,True
11750259,0.91160000,29.60000000,16503105,16503105,1682901838291,False,True
11750260,0.91200000,95.00000000,16503106,16503106,1682901838291,False,True
11750261,0.91220000,34.90000000,16503107,16503107,1682901838291,False,True
11750262,0.91170000,11.00000000,16503108,16503108,1682901876541,False,True
11750263,0.91110000,218.30000000,16503109,16503109,1682901888976,True,True
11750264,0.91120000,149.60000000,16503110,16503110,1682901935107,True,True
11750265,0.91110000,112.80000000,16503111,16503112,1682901935107,True,True
11750266,0.91210000,246.70000000,16503113,16503113,1682901935463,False,True
11750267,0.91190000,246.60000000,16503114,16503114,1682901937459,False,True
11750268,0.91190000,109.20000000,16503115,16503115,1682901938459,False,True
11750269,0.91200000,119.60000000,16503116,16503116,1682901938459,False,True
11750270,0.91130000,18.10000000,16503117,16503117,1682901977005,True,True
11750271,0.91170000,25.60000000,16503118,16503118,1682901983075,False,True
11750272,0.91130000,54.80000000,16503119,16503119,1682901995995,True,True
11750273,0.91130000,53.40000000,16503120,16503120,1682902037867,False,True
11750274,0.91130000,18.00000000,16503121,16503121,1682902081000,True,True
11750275,0.91110000,10.80000000,16503122,16503122,1682902081000,True,True
11750276,0.91110000,109.80000000,16503123,16503125,1682902081000,True,True
11750277,0.91180000,65.30000000,16503126,16503126,1682902081404,False,True
11750278,0.91190000,7.70000000,16503127,16503127,1682902081404,False,True
11750279,0.91190000,31.40000000,16503128,16503128,1682902098930,False,True
11750280,0.91190000,326.80000000,16503129,16503129,1682902100138,False,True
11750281,0.91200000,86.20000000,16503130,16503130,1682902122611,False,True
11750282,0.91190000,13.40000000,16503131,16503131,1682902216356,True,True
11750283,0.91260000,17.20000000,16503132,16503132,1682902228874,False,True
11750284,0.91220000,17.50000000,16503133,16503133,1682902254009,False,True
11750285,0.91220000,98.30000000,16503134,16503134,1682902255105,False,True
11750286,0.91230000,1517.40000000,16503135,16503137,1682902255105,False,True
11750287,0.91250000,334.60000000,16503138,16503138,1682902255105,False,True
11750288,0.91260000,57.70000000,16503139,16503139,1682902255105,False,True
11750289,0.91260000,16.20000000,16503140,16503140,1682902261669,True,True
11750290,0.91280000,187.30000000,16503141,16503141,1682902283680,False,True
11750291,0.91290000,159.60000000,16503142,16503142,1682902298427,False,True
11750292,0.91300000,37.50000000,16503143,16503143,1682902298427,False,True
11750293,0.91300000,11.00000000,16503144,16503144,1682902310118,False,True
11750294,0.91270000,27.50000000,16503145,16503145,1682902318626,True,True
11750295,0.91270000,16.80000000,16503146,16503146,1682902360675,False,True
11750296,0.91270000,877.30000000,16503147,16503150,1682902385503,False,True
11750297,0.91300000,15.50000000,16503151,16503151,1682902391654,False,True
11750298,0.91300000,109.50000000,16503152,16503152,1682902394719,False,True
11750299,0.91300000,2061.70000000,16503153,16503153,1682902396987,False,True
11750300,0.91300000,91.50000000,16503154,16503154,1682902398892,False,True
11750301,0.91290000,12.10000000,16503155,16503155,1682902402486,True,True
11750302,0.91290000,11.00000000,16503156,16503156,1682902418443,True,True
11750303,0.91290000,867.40000000,16503157,16503160,1682902435927,True,True
11750304,0.91280000,45.50000000,16503161,16503161,1682902435927,True,True
11750305,0.91260000,628.30000000,16503162,16503162,1682902435927,True,True
11750306,0.91210000,136.70000000,16503163,16503163,1682902435927,True,True
11750307,0.91180000,16.80000000,16503164,16503164,1682902446819,True,True
11750308,0.91260000,22.40000000,16503165,16503165,1682902452750,False,True
11750309,0.91260000,82.70000000,16503166,16503168,1682902502489,False,True
11750310,0.91290000,10.90000000,16503169,16503169,1682902502598,False,True
11750311,0.91210000,24.10000000,16503170,16503170,1682902540636,True,True
11750312,0.91210000,72.30000000,16503171,16503171,1682902548795,True,True
11750313,0.91230000,16.30000000,16503172,16503172,1682902550481,False,True
11750314,0.91220000,11.10000000,16503173,16503173,1682902552558,False,True
11750315,0.91220000,32.00000000,16503174,16503174,1682902601961,True,True
11750316,0.91210000,171.30000000,16503175,16503177,1682902601991,True,True
11750317,0.91230000,15.30000000,16503178,16503178,1682902613065,False,True
11750318,0.91210000,49.90000000,16503179,16503180,1682902648691,True,True
11750319,0.91210000,14.70000000,16503181,16503181,1682902661834,True,True
11750320,0.91210000,32.30000000,16503182,16503182,1682902661851,True,True
11750321,0.91210000,109.60000000,16503183,16503186,1682902661854,True,True
11750322,0.91210000,84.20000000,16503187,16503189,1682902661854,True,True
11750323,0.91200000,900.00000000,16503190,16503190,1682902661934,True,True
11750324,0.91200000,95.00000000,16503191,16503191,1682902661949,True,True
11750325,0.91200000,339.90000000,16503192,16503192,1682902661952,True,True
11750326,0.91200000,244.90000000,16503193,16503193,1682902661952,True,True
11750327,0.91190000,21.30000000,16503194,16503194,1682902729665,False,True
11750328,0.91200000,12.50000000,16503195,16503195,1682902747307,True,True
11750329,0.91270000,95.00000000,16503196,16503196,1682902763005,False,True
11750330,0.91290000,575.10000000,16503197,16503198,1682902763005,False,True
11750331,0.91290000,67.20000000,16503199,16503199,1682902763025,True,True
11750332,0.91200000,18.40000000,16503200,16503200,1682902768123,True,True
11750333,0.91300000,11.00000000,16503201,16503201,1682902768725,False,True
11750334,0.91200000,2.60000000,16503202,16503202,1682902780239,True,True
11750335,0.91180000,9.10000000,16503203,16503203,1682902780239,True,True
11750336,0.91190000,42.30000000,16503204,16503204,1682902795145,True,True
11750337,0.91200000,20.50000000,16503205,16503205,1682902812983,True,True
11750338,0.91190000,52.70000000,16503206,16503206,1682902812983,True,True
11750339,0.91180000,164.50000000,16503207,16503207,1682902812983,True,True
11750340,0.91170000,478.90000000,16503208,16503208,1682902812983,True,True
11750341,0.91180000,95.00000000,16503209,16503209,1682902827562,True,True
11750342,0.91180000,29.00000000,16503210,16503210,1682902827588,True,True
11750343,0.91290000,95.00000000,16503211,16503211,1682902830033,False,True
11750344,0.91300000,323.00000000,16503212,16503212,1682902830033,False,True
11750345,0.91180000,66.00000000,16503213,16503213,1682902836854,True,True
11750346,0.91180000,95.00000000,16503214,16503214,1682902836872,True,True
11750347,0.91170000,181.80000000,16503215,16503215,1682902836872,True,True
11750348,0.91170000,54.20000000,16503216,16503216,1682902903819,True,True
11750349,0.91170000,61.60000000,16503217,16503217,1682902940519,True,True
11750350,0.91100000,394.80000000,16503218,16503218,1682902940519,True,True
11750351,0.91120000,22.30000000,16503219,16503219,1682902993868,True,True
11750352,0.91240000,27.40000000,16503220,16503220,1682903021708,False,True
11750353,0.91210000,154.20000000,16503221,16503221,1682903035590,False,True
11750354,0.91220000,107.30000000,16503222,16503223,1682903035590,False,True
11750355,0.91270000,31.40000000,16503224,16503224,1682903037772,False,True
11750356,0.91300000,21.30000000,16503225,16503225,1682903037772,False,True
11750357,0.91350000,412.50000000,16503226,16503227,1682903037772,False,True
11750358,0.91280000,37.60000000,16503228,16503228,1682903068426,True,True
11750359,0.91270000,16.00000000,16503229,16503229,1682903068426,True,True
11750360,0.91350000,160.20000000,16503230,16503230,1682903089809,False,True
11750361,0.91390000,4.00000000,16503231,16503231,1682903089809,False,True
11750362,0.91390000,324.20000000,16503232,16503232,1682903092542,False,True
11750363,0.91440000,115.90000000,16503233,16503233,1682903092542,False,True
11750364,0.91510000,59.00000000,16503234,16503234,1682903114983,False,True
11750365,0.91540000,601.00000000,16503235,16503236,1682903114983,False,True
11750366,0.91560000,452.30000000,16503237,16503238,1682903114983,False,True
11750367,0.91560000,438.00000000,16503239,16503239,1682903114986,True,True
11750368,0.91560000,133.20000000,16503240,16503240,1682903114986,True,True
11750369,0.91550000,47.20000000,16503241,16503241,1682903122352,False,True
11750370,0.91460000,50.30000000,16503242,16503242,1682903127824,True,True
11750371,0.91550000,21.80000000,16503243,16503243,1682903172324,False,True
11750372,0.91550000,14.00000000,16503244,16503244,1682903177109,False,True
11750373,0.91540000,277.40000000,16503245,16503246,1682903201418,False,True
11750374,0.91550000,764.30000000,16503247,16503247,1682903201421,True,True
11750375,0.91550000,780.70000000,16503248,16503250,1682903250654,False,True
11750376,0.91550000,150.00000000,16503251,16503252,1682903252669,False,True
11750377,0.91560000,303.00000000,16503253,16503253,1682903252669,False,True
11750378,0.91570000,220.20000000,16503254,16503254,1682903252669,False,True
11750379,0.91600000,107.60000000,16503255,16503255,1682903252669,False,True
11750380,0.91600000,207.60000000,16503256,16503257,1682903253662,False,True
11750381,0.91610000,327.40000000,16503258,16503258,1682903253662,False,True
11750382,0.91630000,245.80000000,16503259,16503259,1682903253662,False,True
11750383,0.91610000,80.90000000,16503260,16503261,1682903290807,False,True
11750384,0.91580000,21.50000000,16503262,16503262,1682903306446,False,True
11750385,0.91470000,218.50000000,16503263,16503263,1682903335348,True,True
11750386,0.91510000,32.70000000,16503264,16503264,1682903376169,False,True
11750387,0.91480000,131.90000000,16503265,16503266,1682903380209,True,True
11750388,0.91470000,173.80000000,16503267,16503268,1682903380209,True,True
11750389,0.91460000,84.30000000,16503269,16503270,1682903382912,False,True
11750390,0.91390000,21.20000000,16503271,16503271,1682903410317,True,True
11750391,0.91440000,50.00000000,16503272,16503272,1682903418422,False,True
11750392,0.91450000,95.00000000,16503273,16503273,1682903418422,False,True
11750393,0.91460000,269.70000000,16503274,16503274,1682903418422,False,True
11750394,0.91360000,130.80000000,16503275,16503275,1682903418892,False,True
11750395,0.91360000,110.00000000,16503276,16503276,1682903419921,False,True
11750396,0.91310000,14.70000000,16503277,16503277,1682903425569,True,True
11750397,0.91360000,11.00000000,16503278,16503278,1682903429761,False,True
11750398,0.91360000,51.40000000,16503279,16503279,1682903435203,False,True
11750399,0.91340000,305.40000000,16503280,16503280,1682903482654,False,True
11750400,0.91340000,2191.00000000,16503281,16503281,1682903482666,False,True
11750401,0.91340000,110.00000000,16503282,16503282,1682903490136,False,True
11750402,0.91340000,195.40000000,16503283,16503283,1682903490871,False,True
11750403,0.91340000,54.10000000,16503284,16503284,1682903502492,False,True
11750404,0.91310000,33.00000000,16503285,16503285,1682903521698,True,True
11750405,0.91310000,302.50000000,16503286,16503287,1682903521708,True,True
11750406,0.91310000,33.00000000,16503288,16503288,1682903521711,True,True
11750407,0.91290000,50.00000000,16503289,16503289,1682903582487,False,True
11750408,0.91300000,33.50000000,16503290,16503290,1682903582487,False,True
11750409,0.91210000,95.00000000,16503291,16503291,1682903594024,True,True
11750410,0.91210000,269.50000000,16503292,16503292,1682903594027,False,True
11750411,0.91290000,16.40000000,16503293,16503293,1682903595012,False,True
11750412,0.91320000,25.90000000,16503294,16503294,1682903612957,False,True
11750413,0.91320000,24.00000000,16503295,16503295,1682903612990,False,True
11750414,0.91330000,25.90000000,16503296,16503296,1682903613078,False,True
11750415,0.91320000,109.10000000,16503297,16503297,1682903616852,True,True
11750416,0.91320000,88.70000000,16503298,16503298,1682903616889,False,True
11750417,0.91210000,95.00000000,16503299,16503299,1682903658772,True,True
11750418,0.91200000,30.80000000,16503300,16503300,1682903658772,True,True
11750419,0.91200000,68.20000000,16503301,16503301,1682903662712,True,True
11750420,0.91210000,95.00000000,16503302,16503302,1682903676674,True,True
11750421,0.91200000,1329.40000000,16503303,16503304,1682903676674,True,True
11750422,0.91200000,517.90000000,16503305,16503305,1682903676676,False,True
11750423,0.91200000,294.00000000,16503306,16503306,1682903684020,False,True
11750424,0.91200000,21.20000000,16503307,16503307,1682903711986,False,True
11750425,0.91200000,438.70000000,16503308,16503308,1682903746468,False,True
11750426,0.91200000,382.50000000,16503309,16503310,1682903748493,False,True
11750427,0.91210000,14.40000000,16503311,16503311,1682903748493,False,True
11750428,0.91310000,219.00000000,16503312,16503312,1682903748493,False,True
11750429,0.91330000,0.10000000,16503313,16503313,1682903748493,False,True
11750430,0.91360000,41.80000000,16503314,16503314,1682903748493,False,True
11750431,0.91330000,152.40000000,16503315,16503316,1682903754561,False,True
11750432,0.91350000,11.90000000,16503317,16503317,1682903754561,False,True
11750433,0.91200000,46.90000000,16503318,16503318,1682903755821,True,True
11750434,0.91230000,85.80000000,16503319,16503319,1682903756279,True,True
11750435,0.91340000,21.80000000,16503320,16503320,1682903769559,False,True
11750436,0.91340000,21.80000000,16503321,16503321,1682903782448,False,True
11750437,0.91340000,14.20000000,16503322,16503323,1682903783555,False,True
11750438,0.91340000,15.30000000,16503324,16503324,1682903784761,False,True
11750439,0.91450000,21.80000000,16503325,16503325,1682903789636,False,True
11750440,0.91490000,19.60000000,16503326,16503326,1682903810253,False,True
11750441,0.91490000,148.70000000,16503327,16503327,1682903816870,True,True
11750442,0.91490000,314.00000000,16503328,16503328,1682903821266,True,True
11750443,0.91390000,57.50000000,16503329,16503329,1682903821266,True,True
11750444,0.91380000,214.80000000,16503330,16503331,1682903821266,True,True
11750445,0.91380000,141.00000000,16503332,16503332,1682903821277,False,True
11750446,0.91260000,21.90000000,16503333,16503333,1682903825845,True,True
11750447,0.91320000,57.50000000,16503334,16503334,1682903833202,True,True
11750448,0.91310000,95.00000000,16503335,16503335,1682903833202,True,True
11750449,0.91300000,83.70000000,16503336,16503337,1682903833202,True,True
11750450,0.91290000,57.50000000,16503338,16503338,1682903833202,True,True
11750451,0.91280000,293.60000000,16503339,16503339,1682903833202,True,True
11750452,0.91270000,57.50000000,16503340,16503340,1682903833202,True,True
11750453,0.91270000,45.40000000,16503341,16503341,1682903833206,False,True
11750454,0.91270000,46.60000000,16503342,16503342,1682903833214,False,True
11750455,0.91270000,219.00000000,16503343,16503343,1682903833231,False,True
11750456,0.91270000,325.20000000,16503344,16503344,1682903833240,False,True
11750457,0.91260000,21.90000000,16503345,16503345,1682903837341,True,True
11750458,0.91410000,117.70000000,16503346,16503347,1682903840662,False,True
11750459,0.91270000,95.00000000,16503348,16503348,1682903847768,True,True
11750460,0.91260000,155.00000000,16503349,16503349,1682903847768,True,True
11750461,0.91370000,54.70000000,16503350,16503350,1682903865141,False,True
11750462,0.91360000,58.00000000,16503351,16503351,1682903915939,False,True
11750463,0.91370000,97.70000000,16503352,16503353,1682903915939,False,True
11750464,0.91390000,57.60000000,16503354,16503354,1682903915939,False,True
11750465,0.91410000,57.60000000,16503355,16503355,1682903915939,False,True
11750466,0.91420000,333.90000000,16503356,16503357,1682903915939,False,True
11750467,0.91430000,57.60000000,16503358,16503358,1682903915939,False,True
11750468,0.91440000,112.60000000,16503359,16503359,1682903915939,False,True
11750469,0.91450000,57.20000000,16503360,16503360,1682903915939,False,True
11750470,0.91460000,123.10000000,16503361,16503361,1682903915939,False,True
11750471,0.91500000,205.70000000,16503362,16503362,1682903915939,False,True
11750472,0.91470000,21.80000000,16503363,16503363,1682903940782,False,True
11750473,0.91490000,50.00000000,16503364,16503364,1682903949077,False,True
11750474,0.91500000,4.60000000,16503365,16503365,1682903949077,False,True
11750475,0.91490000,18.20000000,16503366,16503366,1682903958419,False,True
11750476,0.91490000,21.80000000,16503367,16503367,1682903970256,False,True
11750477,0.91380000,13.90000000,16503368,16503368,1682903971734,True,True
11750478,0.91470000,50.00000000,16503369,16503369,1682903979260,False,True
11750479,0.91480000,4.60000000,16503370,16503370,1682903979260,False,True
11750480,0.91440000,50.00000000,16503371,16503371,1682903988454,False,True
11750481,0.91450000,4.60000000,16503372,16503372,1682903988454,False,True
11750482,0.91440000,20.00000000,16503373,16503373,1682903994580,False,True
11750483,0.91440000,21.80000000,16503374,16503374,1682903998505,False,True
11750484,0.91450000,81.70000000,16503375,16503375,1682904000449,False,True
11750485,0.91440000,21.80000000,16503376,16503376,1682904003842,False,True
11750486,0.91440000,21.80000000,16503377,16503377,1682904008317,False,True
11750487,0.91450000,80.20000000,16503378,16503378,1682904026371,False,True
11750488,0.91450000,13.80000000,16503379,16503379,1682904102528,True,True
11750489,0.91550000,39.10000000,16503380,16503380,1682904143583,False,True
11750490,0.91560000,94.60000000,16503381,16503381,1682904164304,False,True
11750491,0.91550000,27.00000000,16503382,16503382,1682904192491,True,True
11750492,0.91550000,28.50000000,16503383,16503383,1682904215330,True,True
11750493,0.91500000,17.00000000,16503384,16503384,1682904265844,False,True
11750494,0.91510000,2.60000000,16503385,16503385,1682904265844,False,True
11750495,0.91510000,24.20000000,16503386,16503386,1682904290928,False,True
11750496,0.91510000,109.50000000,16503387,16503387,1682904307986,False,True
11750497,0.91500000,13.00000000,16503388,16503388,1682904330915,False,True
11750498,0.91510000,96.20000000,16503389,16503390,1682904330915,False,True
11750499,0.91500000,25.70000000,16503391,16503391,1682904349762,False,True
11750500,0.91510000,6.70000000,16503392,16503392,1682904349762,False,True
11750501,0.91450000,0.40000000,16503393,16503393,1682904385365,True,True
11750502,0.91440000,21.80000000,16503394,16503394,1682904385365,True,True
11750503,0.91400000,49.00000000,16503395,16503395,1682904385365,True,True
11750504,0.91390000,95.00000000,16503396,16503396,1682904385365,True,True
11750505,0.91370000,283.20000000,16503397,16503397,1682904385365,True,True
11750506,0.91360000,115.70000000,16503398,16503398,1682904385365,True,True
11750507,0.91350000,57.60000000,16503399,16503399,1682904385365,True,True
11750508,0.91340000,118.00000000,16503400,16503400,1682904385365,True,True
11750509,0.91330000,218.90000000,16503401,16503401,1682904385365,True,True
11750510,0.91320000,176.50000000,16503402,16503403,1682904385365,True,True
11750511,0.91300000,185.40000000,16503404,16503405,1682904385365,True,True
11750512,0.91260000,120.10000000,16503406,16503406,1682904385365,True,True
11750513,0.91250000,103.00000000,16503407,16503407,1682904385365,True,True
11750514,0.91220000,739.70000000,16503408,16503408,1682904385365,True,True
11750515,0.91210000,1248.40000000,16503409,16503411,1682904385365,True,True
11750516,0.91200000,3048.40000000,16503412,16503412,1682904385365,True,True
11750517,0.91190000,40.00000000,16503413,16503413,1682904385365,True,True
11750518,0.91170000,66.00000000,16503414,16503414,1682904385365,True,True
11750519,0.91150000,75.50000000,16503415,16503415,1682904385365,True,True
11750520,0.91110000,196.40000000,16503416,16503417,1682904385365,True,True
11750521,0.91100000,4612.90000000,16503418,16503420,1682904385365,True,True
11750522,0.91090000,114.30000000,16503421,16503421,1682904385365,True,True
11750523,0.91070000,109.80000000,16503422,16503422,1682904385365,True,True
11750524,0.91060000,109.80000000,16503423,16503423,1682904385365,True,True
11750525,0.91050000,468.50000000,16503424,16503426,1682904385365,True,True
11750526,0.91000000,4889.70000000,16503427,16503427,1682904385365,True,True
11750527,0.90950000,240.60000000,16503428,16503428,1682904385365,True,True
11750528,0.90900000,1045.10000000,16503429,16503430,1682904385365,True,True
11750529,0.90810000,200.00000000,16503431,16503431,1682904385365,True,True
11750530,0.90790000,615.80000000,16503432,16503432,1682904385365,True,True
11750531,0.90770000,35.00000000,16503433,16503433,1682904385365,True,True
11750532,0.90740000,11.10000000,16503434,16503434,1682904385365,True,True
11750533,0.90720000,66.10000000,16503435,16503435,1682904385365,True,True
11750534,0.90700000,14.40000000,16503436,16503436,1682904385365,True,True
11750535,0.90680000,302.10000000,16503437,16503437,1682904385365,True,True
11750536,0.90660000,1589.10000000,16503438,16503438,1682904385365,True,True
11750537,0.90650000,275.30000000,16503439,16503439,1682904385365,True,True
11750538,0.90640000,24.40000000,16503440,16503441,1682904385365,True,True
11750539,0.90620000,118.10000000,16503442,16503442,1682904385365,True,True
11750540,0.90610000,803.60000000,16503443,16503446,1682904385365,True,True
11750541,0.90600000,276.30000000,16503447,16503447,1682904385365,True,True
11750542,0.90580000,149.50000000,16503448,16503448,1682904385365,True,True
11750543,0.90570000,22.10000000,16503449,16503449,1682904385365,True,True
11750544,0.90510000,5978.40000000,16503450,16503451,1682904385365,True,True
11750545,0.90500000,2558.80000000,16503452,16503456,1682904385365,True,True
11750546,0.90480000,2356.10000000,16503457,16503457,1682904385365,True,True
11750547,0.90470000,150.40000000,16503458,16503458,1682904385365,True,True
11750548,0.90450000,4100.00000000,16503459,16503459,1682904385365,True,True
11750549,0.90440000,120.00000000,16503460,16503460,1682904385365,True,True
11750550,0.90430000,2492.70000000,16503461,16503461,1682904385365,True,True
11750551,0.90430000,913.40000000,16503462,16503462,1682904385365,True,True
11750552,0.90420000,27.50000000,16503463,16503463,1682904385365,True,True
11750553,0.90480000,8212.50000000,16503464,16503464,1682904385371,False,True
11750554,0.90800000,13.80000000,16503465,16503465,1682904385372,False,True
11750555,0.91290000,52.70000000,16503466,16503466,1682904385401,False,True
11750556,0.90770000,54.80000000,16503467,16503467,1682904385824,True,True
11750557,0.90770000,77.30000000,16503468,16503468,1682904385910,True,True
11750558,0.90730000,139.60000000,16503469,16503470,1682904385910,True,True
11750559,0.90780000,209.20000000,16503471,16503471,1682904386086,True,True
11750560,0.90630000,13.20000000,16503472,16503472,1682904387045,True,True
11750561,0.90740000,50.00000000,16503473,16503473,1682904388304,False,True
11750562,0.90760000,294.80000000,16503474,16503474,1682904388304,False,True
11750563,0.90780000,57.50000000,16503475,16503475,1682904388304,False,True
11750564,0.90840000,66.50000000,16503476,16503476,1682904388304,False,True
11750565,0.90830000,15.20000000,16503477,16503477,1682904388336,False,True
11750566,0.90830000,42.60000000,16503478,16503478,1682904388348,False,True
11750567,0.90840000,95.00000000,16503479,16503479,1682904388348,False,True
11750568,0.90870000,150.20000000,16503480,16503480,1682904388348,False,True
11750569,0.90900000,95.00000000,16503481,16503481,1682904388589,False,True
11750570,0.90920000,16.10000000,16503482,16503482,1682904388589,False,True
11750571,0.90910000,21.40000000,16503483,16503483,1682904390673,False,True
11750572,0.90910000,209.10000000,16503484,16503484,1682904405065,False,True
11750573,0.90830000,95.00000000,16503485,16503485,1682904408859,True,True
11750574,0.90830000,34.80000000,16503486,16503486,1682904420270,False,True
11750575,0.90830000,41.90000000,16503487,16503487,1682904420275,False,True
11750576,0.90800000,21.30000000,16503488,16503488,1682904459027,True,True
11750577,0.90830000,794.10000000,16503489,16503489,1682904502384,False,True
11750578,0.90830000,176.00000000,16503490,16503490,1682904519172,False,True
11750579,0.90820000,15.90000000,16503491,16503491,1682904524531,True,True
11750580,0.90820000,642.80000000,16503492,16503492,1682904549220,True,True
11750581,0.90800000,11.30000000,16503493,16503493,1682904555226,True,True
11750582,0.90790000,139.40000000,16503494,16503494,1682904555226,True,True
11750583,0.90800000,95.00000000,16503495,16503495,1682904597649,True,True
11750584,0.90790000,881.80000000,16503496,16503496,1682904597649,True,True
11750585,0.90830000,65.70000000,16503497,16503497,1682904604417,False,True
11750586,0.90920000,49.90000000,16503498,16503498,1682904604417,False,True
11750587,0.90980000,135.60000000,16503499,16503499,1682904604417,False,True
11750588,0.91000000,264.40000000,16503500,16503500,1682904604417,False,True
11750589,0.90950000,95.00000000,16503501,16503501,1682904613680,False,True
11750590,0.90960000,219.80000000,16503502,16503502,1682904613680,False,True
11750591,0.91010000,143.00000000,16503503,16503508,1682904613680,False,True
11750592,0.90920000,50.30000000,16503509,16503509,1682904616653,False,True
11750593,0.90940000,40.00000000,16503510,16503510,1682904616653,False,True
11750594,0.91000000,95.00000000,16503511,16503511,1682904616653,False,True
11750595,0.91010000,132.30000000,16503512,16503516,1682904616653,False,True
11750596,0.91020000,169.10000000,16503517,16503518,1682904616653,False,True
11750597,0.91050000,38.00000000,16503519,16503520,1682904645883,True,True
11750598,0.91190000,97.00000000,16503521,16503522,1682904649626,False,True
11750599,0.91200000,95.00000000,16503523,16503523,1682904649626,False,True
11750600,0.91210000,219.20000000,16503524,16503524,1682904649626,False,True
11750601,0.91250000,65.50000000,16503525,16503525,1682904649626,False,True
11750602,0.91260000,73.40000000,16503526,16503526,1682904674880,False,True
11750603,0.91260000,61.20000000,16503527,16503527,1682904674915,True,True
11750604,0.91250000,610.50000000,16503528,16503528,1682904678147,True,True
11750605,0.91250000,38.50000000,16503529,16503529,1682904749059,True,True
11750606,0.91250000,51.10000000,16503530,16503530,1682904777233,False,True
11750607,0.91250000,72.70000000,16503531,16503531,1682904777275,True,True
11750608,0.91150000,95.00000000,16503532,16503532,1682904788787,True,True
11750609,0.91140000,332.70000000,16503533,16503533,1682904788787,True,True
11750610,0.91120000,189.20000000,16503534,16503534,1682904788787,True,True
11750611,0.91140000,57.70000000,16503535,16503535,1682904796435,True,True
11750612,0.91130000,95.00000000,16503536,16503536,1682904796435,True,True
11750613,0.91120000,57.70000000,16503537,16503537,1682904796435,True,True
11750614,0.91090000,127.40000000,16503538,16503539,1682904797185,True,True
11750615,0.91090000,121.00000000,16503540,16503543,1682904830273,True,True
11750616,0.91120000,36.80000000,16503544,16503544,1682904848449,False,True
11750617,0.91160000,52.60000000,16503545,16503545,1682904848449,False,True
11750618,0.91130000,48.30000000,16503546,16503546,1682904857856,False,True
11750619,0.91140000,18.50000000,16503547,16503547,1682904862805,False,True
11750620,0.91120000,16.40000000,16503548,16503548,1682904905329,False,True
11750621,0.91140000,144.00000000,16503549,16503550,1682904922571,False,True
11750622,0.91170000,49.00000000,16503551,16503551,1682904922571,False,True
11750623,0.91180000,326.20000000,16503552,16503552,1682904922571,False,True
11750624,0.91210000,49.00000000,16503553,16503553,1682904922571,False,True
11750625,0.91240000,131.10000000,16503554,16503554,1682904922571,False,True
11750626,0.91250000,73.60000000,16503555,16503555,1682904922571,False,True
11750627,0.91270000,29.10000000,16503556,16503556,1682904922571,False,True
11750628,0.91280000,349.70000000,16503557,16503557,1682904922571,False,True
11750629,0.91130000,109.70000000,16503558,16503558,1682904980856,True,True
11750630,0.91130000,109.70000000,16503559,16503559,1682904980858,True,True
11750631,0.91220000,10.90000000,16503560,16503560,1682904988816,False,True
11750632,0.91060000,117.50000000,16503561,16503561,1682905059338,True,True
11750633,0.91020000,21.00000000,16503562,16503563,1682905089662,True,True
11750634,0.91050000,27.50000000,16503564,16503564,1682905109152,True,True
11750635,0.91040000,96.00000000,16503565,16503566,1682905109152,True,True
11750636,0.91040000,286.80000000,16503567,16503567,1682905109154,True,True
11750637,0.91040000,1.00000000,16503568,16503568,1682905109155,True,True
11750638,0.91030000,811.70000000,16503569,16503569,1682905109155,True,True
11750639,0.91000000,13.30000000,16503570,16503570,1682905109165,True,True
11750640,0.90960000,388.90000000,16503571,16503573,1682905109273,True,True
11750641,0.90960000,145.70000000,16503574,16503582,1682905109291,True,True
11750642,0.90950000,2133.70000000,16503583,16503583,1682905109306,True,True
11750643,0.90940000,122.30000000,16503584,16503584,1682905109308,True,True
11750644,0.90930000,117.40000000,16503585,16503585,1682905109308,True,True
11750645,0.90930000,117.40000000,16503586,16503586,1682905109310,True,True
11750646,0.90930000,62.90000000,16503587,16503587,1682905109311,True,True
11750647,0.90920000,59.40000000,16503588,16503588,1682905109311,True,True
11750648,0.90920000,58.00000000,16503589,16503589,1682905109315,True,True
11750649,0.90890000,55.00000000,16503590,16503590,1682905109322,True,True
11750650,0.90880000,55.00000000,16503591,16503591,1682905109416,True,True
11750651,0.90820000,66.00000000,16503592,16503592,1682905109416,True,True
11750652,0.90730000,363.40000000,16503593,16503593,1682905110160,True,True
11750653,0.90780000,480.20000000,16503594,16503594,1682905115772,True,True
11750654,0.90610000,95.00000000,16503595,16503595,1682905126602,True,True
11750655,0.90600000,4249.50000000,16503596,16503596,1682905126675,True,True
11750656,0.90610000,59.00000000,16503597,16503597,1682905126685,True,True
11750657,0.90560000,55.80000000,16503598,16503598,1682905126685,True,True
11750658,0.90440000,113.20000000,16503599,16503599,1682905129710,True,True
11750659,0.90430000,8.50000000,16503600,16503600,1682905129710,True,True
11750660,0.90650000,95.00000000,16503601,16503601,1682905131517,False,True
11750661,0.90660000,286.10000000,16503602,16503602,1682905131517,False,True
11750662,0.90670000,90.90000000,16503603,16503603,1682905131517,False,True
11750663,0.90690000,250.50000000,16503604,16503605,1682905131517,False,True
11750664,0.90700000,42.40000000,16503606,16503607,1682905131517,False,True
11750665,0.90540000,15.20000000,16503608,16503608,1682905133283,False,True
11750666,0.90540000,29.00000000,16503609,16503610,1682905133575,False,True
11750667,0.90540000,47.00000000,16503611,16503612,1682905142480,False,True
11750668,0.90420000,66.00000000,16503613,16503614,1682905142904,True,True
11750669,0.90410000,95.00000000,16503615,16503615,1682905143139,True,True
11750670,0.90400000,59.00000000,16503616,16503616,1682905143345,True,True
11750671,0.90390000,27.70000000,16503617,16503617,1682905143359,True,True
11750672,0.90360000,51.40000000,16503618,16503619,1682905143429,True,True
11750673,0.90330000,55.30000000,16503620,16503620,1682905145417,True,True
11750674,0.90300000,11.10000000,16503621,16503621,1682905145417,True,True
11750675,0.90290000,41.60000000,16503622,16503622,1682905145417,True,True
11750676,0.90280000,55.50000000,16503623,16503623,1682905145417,True,True
11750677,0.90260000,53.40000000,16503624,16503624,1682905145417,True,True
11750678,0.90350000,335.00000000,16503625,16503627,1682905150574,False,True
11750679,0.90360000,121.20000000,16503628,16503628,1682905150574,False,True
11750680,0.90370000,28.80000000,16503629,16503629,1682905150574,False,True
11750681,0.90390000,58.20000000,16503630,16503631,1682905150574,False,True
11750682,0.90410000,27.80000000,16503632,16503632,1682905150574,False,True
11750683,0.90440000,47.90000000,16503633,16503633,1682905150574,False,True
11750684,0.90270000,221.50000000,16503634,16503634,1682905150736,True,True
11750685,0.90400000,120.00000000,16503635,16503635,1682905151285,True,True
11750686,0.90440000,45.10000000,16503636,16503636,1682905156826,False,True
11750687,0.90440000,15.00000000,16503637,16503637,1682905156871,False,True
11750688,0.90440000,28.80000000,16503638,16503638,1682905157171,False,True
11750689,0.90330000,12.50000000,16503639,16503639,1682905157961,True,True
11750690,0.90320000,16.20000000,16503640,16503640,1682905157961,True,True
11750691,0.90390000,95.00000000,16503641,16503641,1682905160329,False,True
11750692,0.90400000,191.30000000,16503642,16503642,1682905160329,False,True
11750693,0.90390000,27.80000000,16503643,16503643,1682905160406,False,True
11750694,0.90400000,95.00000000,16503644,16503644,1682905160406,False,True
11750695,0.90390000,95.00000000,16503645,16503645,1682905160593,False,True
11750696,0.90410000,365.00000000,16503646,16503646,1682905160593,False,True
11750697,0.90430000,221.10000000,16503647,16503647,1682905160595,False,True
11750698,0.90450000,405.30000000,16503648,16503648,1682905160597,False,True
11750699,0.90470000,210.00000000,16503649,16503649,1682905160600,False,True
11750700,0.90440000,210.00000000,16503650,16503650,1682905160608,False,True
11750701,0.90440000,189.20000000,16503651,16503652,1682905160613,False,True
11750702,0.90500000,286.00000000,16503653,16503653,1682905160684,False,True
11750703,0.90510000,133.60000000,16503654,16503654,1682905160686,False,True
11750704,0.90550000,27.80000000,16503655,16503655,1682905160708,False,True
11750705,0.90560000,106.10000000,16503656,16503656,1682905160708,False,True
11750706,0.90500000,58.20000000,16503657,16503657,1682905160985,True,True
11750707,0.90480000,58.20000000,16503658,16503658,1682905162386,True,True
11750708,0.90460000,36.80000000,16503659,16503659,1682905162386,True,True
11750709,0.90460000,21.40000000,16503660,16503660,1682905162488,True,True
11750710,0.90340000,16.00000000,16503661,16503661,1682905164731,True,True
11750711,0.90360000,95.00000000,16503662,16503662,1682905172792,True,True
11750712,0.90320000,153.20000000,16503663,16503664,1682905173215,True,True
11750713,0.90320000,95.00000000,16503665,16503665,1682905173640,True,True
11750714,0.90300000,58.20000000,16503666,16503666,1682905173805,True,True
11750715,0.90340000,58.30000000,16503667,16503667,1682905181106,True,True
11750716,0.90330000,304.00000000,16503668,16503668,1682905181106,True,True
11750717,0.90270000,95.00000000,16503669,16503669,1682905181106,True,True
11750718,0.90260000,213.60000000,16503670,16503670,1682905181106,True,True
11750719,0.90390000,15.00000000,16503671,16503671,1682905182187,False,True
11750720,0.90390000,65.20000000,16503672,16503672,1682905182495,False,True
11750721,0.90260000,28.70000000,16503673,16503673,1682905183274,True,True
11750722,0.90300000,221.40000000,16503674,16503674,1682905184798,True,True
11750723,0.90260000,578.10000000,16503675,16503675,1682905190463,True,True
11750724,0.90270000,445.00000000,16503676,16503676,1682905199051,True,True
11750725,0.90260000,99.70000000,16503677,16503677,1682905199051,True,True
11750726,0.90260000,128.60000000,16503678,16503679,1682905201844,True,True
11750727,0.90260000,50.00000000,16503680,16503680,1682905202394,False,True
11750728,0.90260000,28.10000000,16503681,16503682,1682905203476,False,True
11750729,0.90370000,71.30000000,16503683,16503683,1682905203476,False,True
11750730,0.90250000,221.60000000,16503684,16503684,1682905203955,True,True
11750731,0.90350000,95.00000000,16503685,16503685,1682905206182,False,True
11750732,0.90360000,186.80000000,16503686,16503686,1682905206182,False,True
11750733,0.90360000,34.50000000,16503687,16503687,1682905206185,False,True
11750734,0.90370000,58.20000000,16503688,16503688,1682905206185,False,True
11750735,0.90380000,121.00000000,16503689,16503689,1682905206185,False,True
11750736,0.90390000,6.80000000,16503690,16503690,1682905206185,False,True
11750737,0.90390000,233.20000000,16503691,16503692,1682905206192,False,True
11750738,0.90400000,178.40000000,16503693,16503694,1682905206192,False,True
11750739,0.90420000,27.70000000,16503695,16503695,1682905206192,False,True
11750740,0.90410000,58.90000000,16503696,16503696,1682905206218,False,True
11750741,0.90320000,513.80000000,16503697,16503698,1682905212373,False,True
11750742,0.90330000,12.50000000,16503699,16503699,1682905212373,False,True
11750743,0.90340000,204.00000000,16503700,16503700,1682905212373,False,True
11750744,0.90340000,193.70000000,16503701,16503701,1682905212379,False,True
11750745,0.90330000,27.80000000,16503702,16503702,1682905223072,True,True
11750746,0.90320000,221.50000000,16503703,16503703,1682905223072,True,True
11750747,0.90280000,27.80000000,16503704,16503704,1682905223072,True,True
11750748,0.90270000,372.60000000,16503705,16503706,1682905223072,True,True
11750749,0.90260000,27.80000000,16503707,16503707,1682905223072,True,True
11750750,0.90250000,221.60000000,16503708,16503708,1682905223072,True,True
11750751,0.90240000,11.80000000,16503709,16503709,1682905223072,True,True
11750752,0.90220000,55.40000000,16503710,16503710,1682905223072,True,True
11750753,0.90210000,272.10000000,16503711,16503712,1682905223072,True,True
11750754,0.90200000,277.10000000,16503713,16503713,1682905223072,True,True
11750755,0.90180000,150.50000000,16503714,16503715,1682905223072,True,True
11750756,0.90160000,96.00000000,16503716,16503717,1682905223072,True,True
11750757,0.90140000,127.80000000,16503718,16503718,1682905223072,True,True
11750758,0.90120000,121.30000000,16503719,16503719,1682905223072,True,True
11750759,0.90110000,743.30000000,16503720,16503720,1682905223072,True,True
11750760,0.90100000,990.90000000,16503721,16503723,1682905223072,True,True
11750761,0.90370000,16.60000000,16503724,16503724,1682905229072,False,True
11750762,0.90250000,215.00000000,16503725,16503726,1682905233887,False,True
11750763,0.90260000,486.00000000,16503727,16503728,1682905233887,False,True
11750764,0.90270000,117.90000000,16503729,16503730,1682905233887,False,True
11750765,0.90250000,52.40000000,16503731,16503731,1682905233926,False,True
11750766,0.90250000,42.60000000,16503732,16503732,1682905234251,False,True
11750767,0.90270000,229.00000000,16503733,16503734,1682905238028,False,True
11750768,0.90310000,153.20000000,16503735,16503737,1682905238217,False,True
11750769,0.90190000,13.10000000,16503738,16503738,1682905248395,True,True
11750770,0.90180000,122.80000000,16503739,16503740,1682905248395,True,True
11750771,0.90160000,27.80000000,16503741,16503741,1682905248395,True,True
11750772,0.90110000,108.50000000,16503742,16503743,1682905248395,True,True
11750773,0.90270000,15.00000000,16503744,16503744,1682905253808,False,True
11750774,0.90180000,322.20000000,16503745,16503745,1682905258013,False,True
11750775,0.90120000,83.70000000,16503746,16503746,1682905258103,True,True
11750776,0.90140000,58.20000000,16503747,16503747,1682905262105,True,True
11750777,0.90140000,11.80000000,16503748,16503748,1682905274132,True,True
11750778,0.90140000,45.60000000,16503749,16503749,1682905283190,True,True
11750779,0.90140000,110.50000000,16503750,16503750,1682905283193,False,True
11750780,0.90130000,221.90000000,16503751,16503751,1682905298345,True,True
11750781,0.90100000,791.10000000,16503752,16503752,1682905298345,True,True
11750782,0.90140000,46.70000000,16503753,16503753,1682905298480,False,True
11750783,0.90140000,131.20000000,16503754,16503756,1682905304605,False,True
11750784,0.90140000,26.70000000,16503757,16503757,1682905304950,False,True
11750785,0.90230000,71.60000000,16503758,16503759,1682905309390,False,True
11750786,0.90110000,13.70000000,16503760,16503760,1682905310552,True,True
11750787,0.90110000,25.90000000,16503761,16503761,1682905319419,True,True
11750788,0.90220000,35.20000000,16503762,16503762,1682905343139,False,True
11750789,0.90100000,195.40000000,16503763,16503763,1682905345844,True,True
11750790,0.90100000,60.80000000,16503764,16503764,1682905364580,True,True
11750791,0.90210000,31.20000000,16503765,16503766,1682905367369,False,True
11750792,0.90210000,13.90000000,16503767,16503767,1682905368268,False,True
11750793,0.90100000,13.80000000,16503768,16503768,1682905370250,True,True
11750794,0.90200000,55.00000000,16503769,16503769,1682905374085,False,True
11750795,0.90210000,441.30000000,16503770,16503773,1682905387039,False,True
11750796,0.90220000,95.00000000,16503774,16503774,1682905387039,False,True
11750797,0.90230000,39.80000000,16503775,16503775,1682905387039,False,True
11750798,0.90250000,67.80000000,16503776,16503776,1682905387039,False,True
11750799,0.90270000,43.30000000,16503777,16503777,1682905387039,False,True
11750800,0.90290000,58.30000000,16503778,16503779,1682905387039,False,True
11750801,0.90300000,158.50000000,16503780,16503781,1682905387039,False,True
11750802,0.90310000,27.80000000,16503782,16503782,1682905387039,False,True
11750803,0.90330000,281.10000000,16503783,16503784,1682905387039,False,True
11750804,0.90140000,13.80000000,16503785,16503785,1682905392513,True,True
11750805,0.90210000,23.20000000,16503786,16503787,1682905395811,False,True
11750806,0.90140000,81.20000000,16503788,16503788,1682905404418,True,True
11750807,0.90120000,32.70000000,16503789,16503789,1682905404418,True,True
11750808,0.90190000,55.40000000,16503790,16503790,1682905424629,False,True
11750809,0.90110000,27.90000000,16503791,16503791,1682905435017,True,True
11750810,0.90100000,41.10000000,16503792,16503792,1682905438933,True,True
11750811,0.90100000,70.90000000,16503793,16503793,1682905449612,True,True
11750812,0.90100000,2100.60000000,16503794,16503794,1682905449627,True,True
11750813,0.90100000,1393.60000000,16503795,16503795,1682905449633,True,True
11750814,0.90070000,41.10000000,16503796,16503797,1682905455241,True,True
11750815,0.90160000,14.40000000,16503798,16503798,1682905462212,False,True
11750816,0.90070000,5.40000000,16503799,16503799,1682905462495,True,True
11750817,0.90070000,33.30000000,16503800,16503800,1682905462525,False,True
11750818,0.90070000,671.80000000,16503801,16503801,1682905465253,False,True
11750819,0.90050000,200.00000000,16503802,16503802,1682905467824,True,True
11750820,0.90020000,25.70000000,16503803,16503803,1682905467824,True,True
11750821,0.90000000,6489.40000000,16503804,16503820,1682905467824,True,True
11750822,0.90000000,14.30000000,16503821,16503821,1682905467824,True,True
11750823,0.90000000,1830.50000000,16503822,16503829,1682905467824,True,True
11750824,0.90000000,38.90000000,16503830,16503830,1682905467824,True,True
11750825,0.90000000,7279.80000000,16503831,16503853,1682905467824,True,True
11750826,0.89990000,11.30000000,16503854,16503854,1682905467824,True,True
11750827,0.89990000,289.70000000,16503855,16503855,1682905467828,True,True
11750828,0.89980000,11.80000000,16503856,16503856,1682905467828,True,True
11750829,0.89900000,421.20000000,16503857,16503860,1682905467828,True,True
11750830,0.89880000,680.60000000,16503861,16503862,1682905467828,True,True
11750831,0.89860000,116.70000000,16503863,16503863,1682905467831,True,True
11750832,0.89840000,31.90000000,16503864,16503864,1682905467831,True,True
11750833,0.89820000,113.90000000,16503865,16503866,1682905467837,True,True
11750834,0.89820000,278.70000000,16503867,16503867,1682905467838,True,True
11750835,0.89810000,153.40000000,16503868,16503869,1682905467857,True,True
11750836,0.89800000,262.40000000,16503870,16503871,1682905467857,True,True
11750837,0.89800000,95.00000000,16503872,16503872,1682905467857,True,True
11750838,0.89780000,74.40000000,16503873,16503873,1682905467857,True,True
11750839,0.89770000,1113.90000000,16503874,16503874,1682905467857,True,True
11750840,0.89720000,85.90000000,16503875,16503875,1682905467857,True,True
11750841,0.89850000,137.90000000,16503876,16503876,1682905467881,True,True
11750842,0.89730000,153.40000000,16503877,16503878,1682905467890,True,True
11750843,0.89720000,350.30000000,16503879,16503880,1682905467894,True,True
11750844,0.89710000,120.90000000,16503881,16503881,1682905467899,True,True
11750845,0.89670000,133.00000000,16503882,16503884,1682905467922,True,True
11750846,0.89840000,16.70000000,16503885,16503885,1682905468036,False,True
11750847,0.89650000,211.90000000,16503886,16503886,1682905468452,True,True
11750848,0.89640000,40.00000000,16503887,16503887,1682905468452,True,True
11750849,0.89720000,216.50000000,16503888,16503889,1682905470327,False,True
11750850,0.89730000,279.60000000,16503890,16503890,1682905470327,False,True
11750851,0.89740000,89.00000000,16503891,16503891,1682905470327,False,True
11750852,0.89760000,143.70000000,16503892,16503892,1682905470327,False,True
11750853,0.89750000,95.00000000,16503893,16503893,1682905470352,False,True
11750854,0.89800000,29.40000000,16503894,16503894,1682905470352,False,True
11750855,0.89830000,29.80000000,16503895,16503896,1682905471390,False,True
11750856,0.89800000,32.70000000,16503897,16503898,1682905472587,False,True
11750857,0.89790000,21.10000000,16503899,16503899,1682905472622,False,True
11750858,0.89770000,44.50000000,16503900,16503900,1682905473381,False,True
11750859,0.89780000,288.40000000,16503901,16503901,1682905473381,False,True
11750860,0.89790000,10.30000000,16503902,16503902,1682905473381,False,True
11750861,0.89840000,157.00000000,16503903,16503903,1682905473381,False,True
11750862,0.89830000,13.90000000,16503904,16503904,1682905473551,False,True
11750863,0.89830000,306.10000000,16503905,16503906,1682905473672,False,True
11750864,0.89840000,65.60000000,16503907,16503907,1682905473672,False,True
11750865,0.89920000,125.70000000,16503908,16503908,1682905473672,False,True
11750866,0.89960000,75.70000000,16503909,16503909,1682905473672,False,True
11750867,0.89970000,94.30000000,16503910,16503910,1682905473672,False,True
11750868,0.89710000,13.20000000,16503911,16503911,1682905474241,True,True
11750869,0.89740000,13.80000000,16503912,16503912,1682905475752,True,True
11750870,0.89750000,58.40000000,16503913,16503914,1682905478829,True,True
11750871,0.89740000,139.70000000,16503915,16503917,1682905478829,True,True
11750872,0.89730000,26.00000000,16503918,16503918,1682905478829,True,True
11750873,0.89730000,4.50000000,16503919,16503919,1682905478829,True,True
11750874,0.89720000,27.90000000,16503920,16503920,1682905478829,True,True
11750875,0.89710000,84.60000000,16503921,16503922,1682905478829,True,True
11750876,0.89700000,22.20000000,16503923,16503923,1682905485043,False,True
11750877,0.89710000,129.70000000,16503924,16503924,1682905485043,False,True
11750878,0.89640000,110.00000000,16503925,16503925,1682905485423,True,True
11750879,0.89640000,71.40000000,16503926,16503926,1682905486727,True,True
11750880,0.89630000,53.40000000,16503927,16503928,1682905486741,True,True
11750881,0.89620000,56.60000000,16503929,16503929,1682905486741,True,True
11750882,0.89640000,102.80000000,16503930,16503930,1682905497471,True,True
11750883,0.89640000,269.00000000,16503931,16503931,1682905497633,True,True
11750884,0.89570000,13.10000000,16503932,16503932,1682905502298,True,True
11750885,0.89570000,138.20000000,16503933,16503933,1682905502336,True,True
11750886,0.89560000,32.60000000,16503934,16503934,1682905513190,True,True
11750887,0.89560000,110.80000000,16503935,16503935,1682905513240,True,True
11750888,0.89630000,272.00000000,16503936,16503939,1682905513628,False,True
11750889,0.89640000,361.10000000,16503940,16503940,1682905513628,False,True
11750890,0.89530000,222.60000000,16503941,16503941,1682905513640,True,True
11750891,0.89520000,220.90000000,16503942,16503942,1682905513640,True,True
11750892,0.89630000,33.40000000,16503943,16503943,1682905546450,False,True
11750893,0.89630000,87.00000000,16503944,16503945,1682905556034,False,True
11750894,0.89630000,111.20000000,16503946,16503946,1682905556861,False,True
11750895,0.89630000,214.50000000,16503947,16503947,1682905556901,False,True
11750896,0.89670000,45.00000000,16503948,16503948,1682905557318,False,True
11750897,0.89660000,95.00000000,16503949,16503949,1682905560569,False,True
11750898,0.89660000,95.00000000,16503950,16503950,1682905560582,False,True
11750899,0.89650000,58.70000000,16503951,16503951,1682905560593,False,True
11750900,0.89650000,58.70000000,16503952,16503952,1682905560614,False,True
11750901,0.89520000,21.00000000,16503953,16503953,1682905588886,True,True
11750902,0.89520000,269.20000000,16503954,16503956,1682905593332,True,True
11750903,0.89510000,111.70000000,16503957,16503957,1682905593976,True,True
11750904,0.89510000,129.90000000,16503958,16503958,1682905603633,False,True
11750905,0.89500000,311.50000000,16503959,16503962,1682905603683,True,True
11750906,0.89410000,210.30000000,16503963,16503963,1682905603683,True,True
11750907,0.89410000,84.20000000,16503964,16503964,1682905603683,True,True
11750908,0.89380000,1127.70000000,16503965,16503965,1682905603683,True,True
11750909,0.89370000,63.00000000,16503966,16503966,1682905603683,True,True
11750910,0.89360000,114.30000000,16503967,16503967,1682905603683,True,True
11750911,0.89310000,254.30000000,16503968,16503969,1682905603683,True,True
11750912,0.89420000,331.80000000,16503970,16503971,1682905605494,False,True
11750913,0.89430000,13.60000000,16503972,16503972,1682905605494,False,True
11750914,0.89500000,186.10000000,16503973,16503975,1682905605494,False,True
11750915,0.89350000,15.70000000,16503976,16503976,1682905605715,True,True
11750916,0.89340000,153.80000000,16503977,16503979,1682905611108,True,True
11750917,0.89330000,56.00000000,16503980,16503980,1682905611108,True,True
11750918,0.89270000,238.10000000,16503981,16503981,1682905611108,True,True
11750919,0.89260000,373.40000000,16503982,16503982,1682905611108,True,True
11750920,0.89250000,130.30000000,16503983,16503983,1682905611108,True,True
11750921,0.89250000,5452.30000000,16503984,16503984,1682905611111,False,True
11750922,0.89250000,1109.60000000,16503985,16503985,1682905611114,False,True
11750923,0.89250000,1109.60000000,16503986,16503986,1682905611115,False,True
11750924,0.89420000,151.30000000,16503987,16503988,1682905614471,False,True
11750925,0.89430000,278.80000000,16503989,16503989,1682905614471,False,True
11750926,0.89440000,58.80000000,16503990,16503990,1682905614471,False,True
11750927,0.89460000,58.80000000,16503991,16503991,1682905614471,False,True
11750928,0.89470000,162.20000000,16503992,16503992,1682905614471,False,True
11750929,0.89420000,102.10000000,16503993,16503993,1682905615334,False,True
11750930,0.89370000,12.30000000,16503994,16503994,1682905630514,True,True
11750931,0.89400000,78.40000000,16503995,16503996,1682905640060,True,True
11750932,0.89400000,33.50000000,16503997,16503997,1682905647396,False,True
11750933,0.89400000,15.50000000,16503998,16503998,1682905660410,False,True
11750934,0.89580000,95.00000000,16503999,16503999,1682905672175,False,True
11750935,0.89590000,285.90000000,16504000,16504000,1682905672175,False,True
11750936,0.89590000,1257.20000000,16504001,16504001,1682905672213,True,True
11750937,0.89480000,11.30000000,16504002,16504002,1682905673113,True,True
11750938,0.89610000,21.60000000,16504003,16504003,1682905674827,False,True
11750939,0.89610000,73.40000000,16504004,16504004,1682905676444,False,True
11750940,0.89620000,156.40000000,16504005,16504005,1682905676444,False,True
11750941,0.89520000,38.00000000,16504006,16504006,1682905692744,True,True
11750942,0.89520000,57.00000000,16504007,16504007,1682905692751,True,True
11750943,0.89610000,16.80000000,16504008,16504008,1682905741210,False,True
11750944,0.89500000,20.60000000,16504009,16504009,1682905756018,True,True
11750945,0.89480000,18.30000000,16504010,16504010,1682905761383,True,True
11750946,0.89580000,32.70000000,16504011,16504011,1682905763240,False,True
11750947,0.89600000,13.90000000,16504012,16504012,1682905763534,False,True
