11759545,0.88730000,145.00000000,16514826,16514827,1682985654151,False,True
11759546,0.88740000,110.10000000,16514828,16514828,1682985654151,False,True
11759547,0.88760000,117.10000000,16514829,16514829,1682985654151,False,True
11759548,0.88770000,343.60000000,16514830,16514830,1682985654151,False,True
11759549,0.88760000,15.20000000,16514831,16514831,1682985656337,False,True
11759550,0.88750000,75.10000000,16514832,16514833,1682985670551,False,True
11759551,0.88630000,326.30000000,16514834,16514835,1682985711414,True,True
11759552,0.88620000,124.20000000,16514836,16514836,1682985782345,True,True
11759553,0.88620000,237.30000000,16514837,16514837,1682985782345,True,True
11759554,0.88620000,213.30000000,16514838,16514839,1682985782346,True,True
11759555,0.88620000,52.70000000,16514840,16514840,1682985782346,True,True
11759556,0.88620000,319.50000000,16514841,16514843,1682985782346,True,True
11759557,0.88560000,168.80000000,16514844,16514844,1682985782351,True,True
11759558,0.88560000,69.20000000,16514845,16514845,1682985782354,True,True
11759559,0.88550000,102.10000000,16514846,16514846,1682985782354,True,True
11759560,0.88560000,95.00000000,16514847,16514847,1682985782360,True,True
11759561,0.88550000,73.80000000,16514848,16514848,1682985782360,True,True
11759562,0.88550000,52.50000000,16514849,16514849,1682985782362,True,True
11759563,0.88550000,705.60000000,16514850,16514850,1682985782366,True,True
11759564,0.88550000,54.30000000,16514851,16514851,1682985782453,True,True
11759565,0.88590000,60.90000000,16514852,16514852,1682985786730,False,True
11759566,0.88600000,47.10000000,16514853,16514853,1682985786730,False,True
11759567,0.88600000,47.90000000,16514854,16514854,1682985793986,False,True
11759568,0.88610000,19.30000000,16514855,16514855,1682985793986,False,True
11759569,0.88420000,49.50000000,16514856,16514856,1682985872397,True,True
11759570,0.88540000,19.90000000,16514857,16514857,1682985895090,False,True
11759571,0.88500000,21.10000000,16514858,16514858,1682985971336,False,True
11759572,0.88470000,84.70000000,16514859,16514859,1682985978658,True,True
11759573,0.88310000,95.00000000,16514860,16514860,1682986010557,True,True
11759574,0.88290000,144.20000000,16514861,16514862,1682986010557,True,True
11759575,0.88290000,54.90000000,16514863,16514864,1682986049771,True,True
11759576,0.88290000,75.10000000,16514865,16514865,1682986069326,True,True
11759577,0.88430000,95.00000000,16514866,16514866,1682986150273,False,True
11759578,0.88450000,65.40000000,16514867,16514867,1682986150273,False,True
11759579,0.88470000,65.20000000,16514868,16514868,1682986150273,False,True
11759580,0.88370000,95.00000000,16514869,16514869,1682986184260,True,True
11759581,0.88360000,93.90000000,16514870,16514870,1682986184260,True,True
11759582,0.88320000,65.60000000,16514871,16514871,1682986210277,True,True
11759583,0.88310000,44.60000000,16514872,16514872,1682986210277,True,True
11759584,0.88300000,405.30000000,16514873,16514874,1682986210277,True,True
11759585,0.88290000,24.40000000,16514875,16514875,1682986210277,True,True
11759586,0.88290000,110.30000000,16514876,16514876,1682986210487,True,True
11759587,0.88250000,14.70000000,16514877,16514877,1682986210487,True,True
11759588,0.88250000,100.70000000,16514878,16514878,1682986210487,True,True
11759589,0.88240000,24.30000000,16514879,16514879,1682986210487,True,True
11759590,0.88240000,32.30000000,16514880,16514880,1682986210487,True,True
11759591,0.88230000,15.40000000,16514881,16514881,1682986210487,True,True
11759592,0.88220000,761.30000000,16514882,16514882,1682986210495,True,True
11759593,0.88210000,111.70000000,16514883,16514883,1682986210495,True,True
11759594,0.88250000,93.40000000,16514884,16514884,1682986210535,True,True
11759595,0.88210000,266.10000000,16514885,16514885,1682986210535,True,True
11759596,0.88200000,119.70000000,16514886,16514886,1682986210535,True,True
11759597,0.88200000,848.60000000,16514887,16514887,1682986210610,True,True
11759598,0.88180000,351.40000000,16514888,16514893,1682986210610,True,True
11759599,0.88180000,572.00000000,16514894,16514904,1682986210716,True,True
11759600,0.88170000,301.00000000,16514905,16514905,1682986210716,True,True
11759601,0.88170000,461.00000000,16514906,16514906,1682986210723,True,True
11759602,0.88170000,18.10000000,16514907,16514907,1682986210768,True,True
11759603,0.88170000,221.00000000,16514908,16514908,1682986210814,True,True
11759604,0.88170000,15.50000000,16514909,16514909,1682986210832,True,True
11759605,0.88460000,221.00000000,16514910,16514912,1682986211107,False,True
11759606,0.88440000,15.50000000,16514913,16514913,1682986211148,False,True
11759607,0.88430000,56.80000000,16514914,16514915,1682986211262,False,True
11759608,0.88450000,27.20000000,16514916,16514916,1682986211262,False,True
11759609,0.88230000,65.60000000,16514917,16514918,1682986211391,True,True
11759610,0.88220000,62.20000000,16514919,16514919,1682986211391,True,True
11759611,0.88210000,118.90000000,16514920,16514920,1682986211391,True,True
11759612,0.88170000,747.60000000,16514921,16514921,1682986211391,True,True
11759613,0.88180000,25.00000000,16514922,16514922,1682986212424,True,True
11759614,0.88180000,15.20000000,16514923,16514923,1682986217898,True,True
11759615,0.88260000,145.00000000,16514924,16514925,1682986223083,False,True
11759616,0.88270000,139.00000000,16514926,16514926,1682986223083,False,True
11759617,0.88160000,338.80000000,16514927,16514929,1682986490012,True,True
11759618,0.88160000,84.30000000,16514930,16514930,1682986490012,True,True
11759619,0.88160000,22.50000000,16514931,16514931,1682986581106,True,True
11759620,0.88280000,25.10000000,16514932,16514932,1682986709074,False,True
11759621,0.88160000,32.70000000,16514933,16514933,1682986715265,False,True
11759622,0.88150000,442.10000000,16514934,16514935,1682986723392,True,True
11759623,0.88130000,633.50000000,16514936,16514936,1682986723392,True,True
11759624,0.88130000,41.70000000,16514937,16514937,1682986726161,True,True
11759625,0.88270000,95.00000000,16514938,16514938,1682986726205,False,True
11759626,0.88280000,3.50000000,16514939,16514939,1682986726205,False,True
11759627,0.88140000,279.80000000,16514940,16514945,1682986834885,True,True
11759628,0.88210000,28.70000000,16514946,16514946,1682987097113,False,True
11759629,0.88140000,12.40000000,16514947,16514947,1682987148430,True,True
11759630,0.88240000,50.00000000,16514948,16514948,1682987179024,False,True
11759631,0.88150000,14.00000000,16514949,16514949,1682987217383,True,True
11759632,0.88150000,400.00000000,16514950,16514951,1682987260051,True,True
11759633,0.88280000,24.30000000,16514952,16514952,1682987287120,False,True
11759634,0.88280000,20.90000000,16514953,16514953,1682987287209,False,True
11759635,0.88280000,69.10000000,16514954,16514955,1682987287386,False,True
11759636,0.88270000,25.90000000,16514956,16514956,1682987287451,False,True
11759637,0.88270000,43.20000000,16514957,16514957,1682987287684,False,True
11759638,0.88270000,25.90000000,16514958,16514958,1682987289199,False,True
11759639,0.88280000,20.90000000,16514959,16514959,1682987289204,False,True
11759640,0.88140000,91.10000000,16514960,16514960,1682987312088,True,True
11759641,0.88260000,95.00000000,16514961,16514961,1682987312193,False,True
11759642,0.88260000,21.40000000,16514962,16514962,1682987312206,False,True
11759643,0.88270000,95.00000000,16514963,16514963,1682987312210,False,True
11759644,0.88280000,121.00000000,16514964,16514964,1682987312215,False,True
11759645,0.88300000,18.00000000,16514965,16514965,1682987500744,True,True
11759646,0.88300000,92.40000000,16514966,16514966,1682987689387,True,True
11759647,0.88300000,2052.10000000,16514967,16514968,1682987722371,True,True
11759648,0.88270000,95.00000000,16514969,16514969,1682987804137,False,True
11759649,0.88280000,226.50000000,16514970,16514970,1682987804137,False,True
11759650,0.88290000,65.60000000,16514971,16514971,1682987804137,False,True
11759651,0.88300000,622.30000000,16514972,16514972,1682987804137,False,True
11759652,0.88340000,117.10000000,16514973,16514973,1682987804164,False,True
11759653,0.88320000,32.20000000,16514974,16514974,1682987831764,True,True
11759654,0.88320000,62.80000000,16514975,16514975,1682988046463,True,True
11759655,0.88310000,163.50000000,16514976,16514976,1682988046463,True,True
11759656,0.88310000,65.70000000,16514977,16514977,1682988085665,True,True
11759657,0.88300000,9.70000000,16514978,16514978,1682988085665,True,True
11759658,0.88300000,451.20000000,16514979,16514980,1682988087000,True,True
11759659,0.88240000,9.90000000,16514981,16514981,1682988087000,True,True
11759660,0.88250000,50.00000000,16514982,16514982,1682988120195,False,True
11759661,0.88260000,95.00000000,16514983,16514983,1682988120195,False,True
11759662,0.88280000,65.60000000,16514984,16514984,1682988120195,False,True
11759663,0.88300000,37.20000000,16514985,16514985,1682988120195,False,True
11759664,0.88310000,47.90000000,16514986,16514986,1682988120195,False,True
11759665,0.88350000,226.30000000,16514987,16514987,1682988120195,False,True
11759666,0.88360000,134.40000000,16514988,16514988,1682988120195,False,True
11759667,0.88390000,87.20000000,16514989,16514989,1682988120195,False,True
11759668,0.88400000,245.20000000,16514990,16514991,1682988120195,False,True
11759669,0.88420000,120.90000000,16514992,16514992,1682988120195,False,True
11759670,0.88440000,116.20000000,16514993,16514993,1682988120195,False,True
11759671,0.88450000,764.60000000,16514994,16514994,1682988120195,False,True
11759672,0.88460000,16.40000000,16514995,16514995,1682988120195,False,True
11759673,0.88360000,37.20000000,16514996,16514996,1682988343242,True,True
11759674,0.88490000,21.70000000,16514997,16514997,1682988400611,False,True
11759675,0.88360000,40.00000000,16514998,16514998,1682988847053,True,True
11759676,0.88360000,12.00000000,16514999,16514999,1682988882363,True,True
11759677,0.88360000,72.10000000,16515000,16515000,1682988886352,True,True
11759678,0.88350000,25.40000000,16515001,16515001,1682988886466,True,True
11759679,0.88210000,141.20000000,16515002,16515002,1682988904254,True,True
11759680,0.88210000,23.00000000,16515003,16515003,1682989001814,True,True
11759681,0.88190000,92.20000000,16515004,16515004,1682989001819,True,True
11759682,0.88200000,50.00000000,16515005,16515005,1682989006230,False,True
11759683,0.88210000,257.20000000,16515006,16515006,1682989006230,False,True
11759684,0.88200000,12.50000000,16515007,16515007,1682989041005,False,True
11759685,0.88200000,28.40000000,16515008,16515008,1682989042065,False,True
11759686,0.88210000,30.00000000,16515009,16515009,1682989053388,False,True
11759687,0.88200000,28.40000000,16515010,16515010,1682989117069,False,True
11759688,0.88130000,1945.20000000,16515011,16515011,1682989310202,True,True
11759689,0.88140000,95.00000000,16515012,16515012,1682989552873,True,True
11759690,0.88130000,330.40000000,16515013,16515013,1682989554834,True,True
11759691,0.88130000,141.70000000,16515014,16515015,1682989710577,True,True
11759692,0.88130000,163.20000000,16515016,16515016,1682989869792,True,True
11759693,0.88130000,691.40000000,16515017,16515017,1682989879457,True,True
11759694,0.88190000,69.80000000,16515018,16515019,1682989930276,False,True
11759695,0.88250000,6.20000000,16515020,16515020,1682989930276,False,True
11759696,0.88200000,22.70000000,16515021,16515021,1682990014497,False,True
11759697,0.88140000,729.70000000,16515022,16515032,1682990023639,True,True
11759698,0.88130000,1533.10000000,16515033,16515033,1682990023639,True,True
11759699,0.88130000,749.00000000,16515034,16515035,1682990023801,True,True
11759700,0.88120000,124.60000000,16515036,16515036,1682990023805,True,True
11759701,0.88100000,122.50000000,16515037,16515037,1682990023805,True,True
11759702,0.88200000,22.70000000,16515038,16515038,1682990075676,False,True
11759703,0.88060000,35.80000000,16515039,16515039,1682990123155,True,True
11759704,0.88060000,133.40000000,16515040,16515040,1682990188191,True,True
11759705,0.88060000,114.70000000,16515041,16515041,1682990229455,True,True
11759706,0.88060000,53.80000000,16515042,16515042,1682990229514,False,True
11759707,0.88050000,23.10000000,16515043,16515043,1682990547104,True,True
11759708,0.88200000,22.70000000,16515044,16515044,1682990621711,False,True
11759709,0.88200000,122.30000000,16515045,16515046,1682990657724,False,True
11759710,0.88240000,89.10000000,16515047,16515047,1682990657724,False,True
11759711,0.88250000,92.70000000,16515048,16515048,1682990657724,False,True
11759712,0.88260000,258.30000000,16515049,16515050,1682990657724,False,True
11759713,0.88270000,136.10000000,16515051,16515051,1682990657724,False,True
11759714,0.88230000,95.00000000,16515052,16515052,1682990659097,False,True
11759715,0.88240000,226.60000000,16515053,16515053,1682990659097,False,True
11759716,0.88270000,241.40000000,16515054,16515054,1682990659097,False,True
11759717,0.88300000,124.90000000,16515055,16515055,1682990659097,False,True
11759718,0.88320000,10.60000000,16515056,16515056,1682990659097,False,True
11759719,0.88150000,21.40000000,16515057,16515057,1682990664315,True,True
11759720,0.88140000,18.90000000,16515058,16515058,1682990725334,True,True
11759721,0.88100000,227.00000000,16515059,16515059,1682990891297,True,True
11759722,0.88060000,1139.90000000,16515060,16515073,1682990891297,True,True
11759723,0.88050000,362.70000000,16515074,16515074,1682990891297,True,True
11759724,0.88170000,22.70000000,16515075,16515075,1682990910123,False,True
11759725,0.88060000,496.30000000,16515076,16515085,1682991039410,True,True
11759726,0.88050000,218.80000000,16515086,16515086,1682991039410,True,True
11759727,0.88060000,33.20000000,16515087,16515087,1682991131671,True,True
11759728,0.88150000,22.70000000,16515088,16515088,1682991161426,False,True
11759729,0.88150000,141.10000000,16515089,16515091,1682991366137,False,True
11759730,0.88180000,226.80000000,16515092,16515092,1682991388368,False,True
11759731,0.88170000,50.00000000,16515093,16515093,1682991405315,False,True
11759732,0.88180000,272.80000000,16515094,16515095,1682991405315,False,True
11759733,0.88070000,122.00000000,16515096,16515096,1682991438369,True,True
11759734,0.88070000,32.50000000,16515097,16515097,1682991481350,True,True
11759735,0.88170000,22.70000000,16515098,16515098,1682991551317,False,True
11759736,0.88170000,27.30000000,16515099,16515099,1682991551324,False,True
11759737,0.88230000,101.20000000,16515100,16515101,1682991665853,False,True
11759738,0.88240000,95.00000000,16515102,16515102,1682991665853,False,True
11759739,0.88260000,92.70000000,16515103,16515103,1682991665853,False,True
11759740,0.88280000,128.80000000,16515104,16515104,1682991665853,False,True
11759741,0.88300000,355.80000000,16515105,16515106,1682991665853,False,True
11759742,0.88320000,119.30000000,16515107,16515107,1682991665853,False,True
11759743,0.88330000,790.80000000,16515108,16515111,1682991665853,False,True
11759744,0.88340000,183.70000000,16515112,16515112,1682991665853,False,True
11759745,0.88220000,23.80000000,16515113,16515113,1682991758388,True,True
11759746,0.88220000,338.70000000,16515114,16515116,1682991776080,True,True
11759747,0.88210000,17.50000000,16515117,16515117,1682991810620,False,True
11759748,0.88100000,183.70000000,16515118,16515118,1682991852342,True,True
11759749,0.88080000,383.00000000,16515119,16515120,1682991852342,True,True
11759750,0.88190000,22.70000000,16515121,16515121,1682991858915,False,True
11759751,0.88190000,17.10000000,16515122,16515122,1682991913242,False,True
11759752,0.88210000,17.10000000,16515123,16515123,1682991914514,False,True
11759753,0.88210000,17.10000000,16515124,16515124,1682991920255,False,True
11759754,0.88210000,60.80000000,16515125,16515125,1682991991433,False,True
11759755,0.88220000,569.10000000,16515126,16515126,1682991991433,False,True
11759756,0.88240000,17.50000000,16515127,16515127,1682991991433,False,True
11759757,0.88290000,92.70000000,16515128,16515128,1682991991433,False,True
11759758,0.88320000,315.30000000,16515129,16515129,1682991991433,False,True
11759759,0.88330000,131.80000000,16515130,16515130,1682991991433,False,True
11759760,0.88210000,95.00000000,16515131,16515131,1682991991567,False,True
11759761,0.88340000,22.70000000,16515132,16515132,1682991997886,False,True
11759762,0.88220000,21.60000000,16515133,16515133,1682992006678,True,True
11759763,0.88200000,95.00000000,16515134,16515134,1682992009275,True,True
11759764,0.88190000,207.40000000,16515135,16515135,1682992009275,True,True
11759765,0.88200000,95.00000000,16515136,16515136,1682992067952,True,True
11759766,0.88190000,65.70000000,16515137,16515137,1682992067952,True,True
11759767,0.88180000,65.70000000,16515138,16515138,1682992067952,True,True
11759768,0.88160000,65.70000000,16515139,16515139,1682992067952,True,True
11759769,0.88150000,127.50000000,16515140,16515140,1682992067952,True,True
11759770,0.88140000,116.50000000,16515141,16515141,1682992067952,True,True
11759771,0.88120000,120.50000000,16515142,16515142,1682992067952,True,True
11759772,0.88100000,290.10000000,16515143,16515145,1682992067952,True,True
11759773,0.88090000,420.70000000,16515146,16515148,1682992067952,True,True
11759774,0.88080000,538.00000000,16515149,16515149,1682992067952,True,True
11759775,0.88070000,211.80000000,16515150,16515150,1682992086298,True,True
11759776,0.88070000,41.10000000,16515151,16515151,1682992086316,True,True
11759777,0.88170000,57.00000000,16515152,16515152,1682992090634,False,True
11759778,0.88050000,1098.90000000,16515153,16515153,1682992095681,True,True
11759779,0.88010000,45.60000000,16515154,16515155,1682992123377,True,True
11759780,0.88010000,77.20000000,16515156,16515158,1682992135538,True,True
11759781,0.88010000,385.90000000,16515159,16515166,1682992135798,True,True
11759782,0.88000000,2872.10000000,16515167,16515167,1682992135798,True,True
11759783,0.88000000,280.30000000,16515168,16515168,1682992135798,True,True
11759784,0.88000000,128.00000000,16515169,16515171,1682992135798,True,True
11759785,0.87820000,496.90000000,16515172,16515181,1682992176482,True,True
11759786,0.87810000,120.10000000,16515182,16515182,1682992176482,True,True
11759787,0.87820000,21.10000000,16515183,16515183,1682992210103,True,True
11759788,0.87750000,12.50000000,16515184,16515184,1682992443240,True,True
11759789,0.87750000,106.60000000,16515185,16515187,1682992448440,True,True
11759790,0.87820000,22.80000000,16515188,16515188,1682992450227,False,True
11759791,0.87750000,378.10000000,16515189,16515196,1682992499843,True,True
11759792,0.87740000,1527.30000000,16515197,16515197,1682992499843,True,True
11759793,0.87740000,26.90000000,16515198,16515198,1682992499855,True,True
11759794,0.87740000,517.00000000,16515199,16515199,1682992499859,True,True
11759795,0.87800000,21.70000000,16515200,16515200,1682992510609,False,True
11759796,0.87740000,476.90000000,16515201,16515201,1682992519554,True,True
11759797,0.87740000,26.00000000,16515202,16515202,1682992578614,True,True
11759798,0.87800000,21.60000000,16515203,16515203,1682992634607,False,True
11759799,0.87800000,16.30000000,16515204,16515204,1682992649445,False,True
11759800,0.87800000,188.80000000,16515205,16515206,1682992649460,False,True
11759801,0.87810000,12.00000000,16515207,16515207,1682992649466,False,True
11759802,0.87900000,22.80000000,16515208,16515208,1682992706084,False,True
11759803,0.87760000,13.10000000,16515209,16515209,1682992706735,True,True
11759804,0.87880000,136.00000000,16515210,16515211,1682992818226,False,True
11759805,0.87790000,30.60000000,16515212,16515212,1682992841087,True,True
11759806,0.87940000,20.30000000,16515213,16515213,1682992856503,False,True
11759807,0.87790000,29.20000000,16515214,16515214,1682992904888,True,True
11759808,0.87780000,62.90000000,16515215,16515215,1682992904888,True,True
11759809,0.87900000,18.40000000,16515216,16515216,1682992930686,False,True
11759810,0.87910000,4.40000000,16515217,16515217,1682992930686,False,True
11759811,0.87900000,77.70000000,16515218,16515219,1682993024423,False,True
11759812,0.87910000,107.40000000,16515220,16515221,1682993024423,False,True
11759813,0.87930000,28.60000000,16515222,16515222,1682993024423,False,True
11759814,0.87940000,170.00000000,16515223,16515224,1682993024423,False,True
11759815,0.87950000,60.10000000,16515225,16515225,1682993024423,False,True
11759816,0.87920000,71.90000000,16515226,16515227,1682993057410,False,True
11759817,0.87930000,25.40000000,16515228,16515228,1682993057410,False,True
11759818,0.87820000,18.90000000,16515229,16515229,1682993231573,True,True
11759819,0.87930000,21.30000000,16515230,16515230,1682993235419,False,True
11759820,0.87930000,62.90000000,16515231,16515232,1682993337464,False,True
11759821,0.87930000,22.80000000,16515233,16515233,1682993422627,False,True
11759822,0.87920000,492.40000000,16515234,16515235,1682993737490,False,True
11759823,0.87930000,159.00000000,16515236,16515236,1682993737494,False,True
11759824,0.87940000,231.60000000,16515237,16515237,1682993737494,False,True
11759825,0.87920000,22.90000000,16515238,16515238,1682993775907,True,True
11759826,0.87910000,385.10000000,16515239,16515239,1682993978984,True,True
11759827,0.87910000,116.10000000,16515240,16515240,1682993990478,False,True
11759828,0.87780000,12.00000000,16515241,16515241,1682994012575,True,True
11759829,0.87780000,38.10000000,16515242,16515242,1682994058335,True,True
11759830,0.87910000,32.40000000,16515243,16515243,1682994065266,False,True
11759831,0.87810000,53.60000000,16515244,16515244,1682994097355,True,True
11759832,0.87950000,22.80000000,16515245,16515245,1682994099932,False,True
11759833,0.87800000,95.00000000,16515246,16515246,1682994370542,True,True
11759834,0.87790000,38.30000000,16515247,16515247,1682994370542,True,True
11759835,0.87790000,95.00000000,16515248,16515248,1682994370948,True,True
11759836,0.87780000,159.40000000,16515249,16515249,1682994370948,True,True
11759837,0.87790000,19.00000000,16515250,16515250,1682994382529,True,True
11759838,0.87930000,66.00000000,16515251,16515251,1682994388666,False,True
11759839,0.87940000,54.00000000,16515252,16515252,1682994388666,False,True
11759840,0.87780000,71.80000000,16515253,16515254,1682994397980,True,True
11759841,0.87770000,48.20000000,16515255,16515255,1682994397980,True,True
11759842,0.87770000,26.30000000,16515256,16515256,1682994434607,True,True
11759843,0.87770000,25.70000000,16515257,16515257,1682994445483,True,True
11759844,0.87770000,262.60000000,16515258,16515258,1682994445499,False,True
11759845,0.87770000,208.70000000,16515259,16515259,1682994445579,False,True
11759846,0.87900000,14.60000000,16515260,16515260,1682994798818,False,True
11759847,0.87750000,64.20000000,16515261,16515261,1682994854801,True,True
11759848,0.87900000,21.50000000,16515262,16515262,1682994861140,False,True
11759849,0.87750000,384.10000000,16515263,16515271,1682994908020,True,True
11759850,0.87750000,41.70000000,16515272,16515272,1682995396925,True,True
11759851,0.87750000,16.40000000,16515273,16515274,1682995501588,True,True
11759852,0.87880000,130.80000000,16515275,16515275,1682995502712,False,True
11759853,0.87890000,95.00000000,16515276,16515276,1682995502712,False,True
11759854,0.87900000,122.00000000,16515277,16515278,1682995502712,False,True
11759855,0.87920000,96.00000000,16515279,16515281,1682995502712,False,True
11759856,0.87800000,57.90000000,16515282,16515282,1682995655893,True,True
11759857,0.87790000,55.80000000,16515283,16515283,1682995655893,True,True
11759858,0.87780000,55.80000000,16515284,16515284,1682995655893,True,True
11759859,0.87770000,55.80000000,16515285,16515285,1682995655893,True,True
11759860,0.87760000,25.20000000,16515286,16515286,1682995655893,True,True
11759861,0.87760000,69.80000000,16515287,16515287,1682995699655,True,True
11759862,0.87750000,6.50000000,16515288,16515288,1682995699655,True,True
11759863,0.87750000,163.20000000,16515289,16515290,1682995761806,True,True
11759864,0.87740000,4854.30000000,16515291,16515292,1682995761806,True,True
11759865,0.87700000,404.60000000,16515293,16515294,1682995761806,True,True
11759866,0.87650000,122.40000000,16515295,16515295,1682995761806,True,True
11759867,0.87640000,122.40000000,16515296,16515296,1682995761806,True,True
11759868,0.87620000,117.90000000,16515297,16515297,1682995761806,True,True
11759869,0.87610000,889.20000000,16515298,16515299,1682995761806,True,True
11759870,0.87600000,148.90000000,16515300,16515301,1682995761806,True,True
11759871,0.87570000,40.00000000,16515302,16515302,1682995761806,True,True
11759872,0.87550000,4217.50000000,16515303,16515304,1682995761806,True,True
11759873,0.87510000,51.10000000,16515305,16515305,1682995761806,True,True
11759874,0.87500000,113.90000000,16515306,16515309,1682995761806,True,True
11759875,0.87500000,3349.40000000,16515310,16515310,1682995761810,False,True
11759876,0.87500000,161.00000000,16515311,16515311,1682995761811,False,True
11759877,0.87500000,161.00000000,16515312,16515312,1682995761811,False,True
11759878,0.87500000,161.00000000,16515313,16515313,1682995761811,False,True
11759879,0.87500000,161.00000000,16515314,16515314,1682995761811,False,True
11759880,0.87500000,161.00000000,16515315,16515315,1682995761811,False,True
11759881,0.87500000,161.00000000,16515316,16515316,1682995761811,False,True
11759882,0.87500000,161.00000000,16515317,16515317,1682995761811,False,True
11759883,0.87500000,161.00000000,16515318,16515318,1682995761811,False,True
11759884,0.87500000,161.00000000,16515319,16515319,1682995761811,False,True
11759885,0.87500000,161.00000000,16515320,16515320,1682995761811,False,True
11759886,0.87500000,161.00000000,16515321,16515321,1682995761811,False,True
11759887,0.87500000,161.00000000,16515322,16515322,1682995761811,False,True
11759888,0.87500000,161.00000000,16515323,16515323,1682995761811,False,True
11759889,0.87500000,161.00000000,16515324,16515324,1682995761811,False,True
11759890,0.87500000,161.00000000,16515325,16515325,1682995761811,False,True
11759891,0.87500000,161.00000000,16515326,16515326,1682995761811,False,True
11759892,0.87500000,161.00000000,16515327,16515327,1682995761811,False,True
11759893,0.87500000,161.00000000,16515328,16515328,1682995761811,False,True
11759894,0.87500000,294.00000000,16515329,16515329,1682995761811,False,True
11759895,0.87500000,161.00000000,16515330,16515330,1682995761812,False,True
11759896,0.87500000,161.00000000,16515331,16515331,1682995761812,False,True
11759897,0.87480000,1864.00000000,16515332,16515336,1682995761815,True,True
11759898,0.87470000,415.60000000,16515337,16515337,1682995761815,True,True
11759899,0.87500000,162.30000000,16515338,16515338,1682995761815,False,True
11759900,0.87500000,166.10000000,16515339,16515339,1682995761817,False,True
11759901,0.87470000,125.50000000,16515340,16515340,1682995761821,True,True
11759902,0.87470000,241.90000000,16515341,16515341,1682995761824,True,True
11759903,0.87470000,271.40000000,16515342,16515342,1682995761824,True,True
11759904,0.87470000,428.70000000,16515343,16515343,1682995761827,True,True
11759905,0.87470000,754.20000000,16515344,16515344,1682995761827,True,True
11759906,0.87450000,1429.30000000,16515345,16515346,1682995761829,True,True
11759907,0.87430000,759.50000000,16515347,16515347,1682995761830,True,True
11759908,0.87420000,931.90000000,16515348,16515348,1682995761830,True,True
11759909,0.87410000,116.70000000,16515349,16515349,1682995761831,True,True
11759910,0.87410000,1277.00000000,16515350,16515351,1682995761832,True,True
11759911,0.87400000,26.50000000,16515352,16515352,1682995761832,True,True
11759912,0.87380000,278.80000000,16515353,16515353,1682995761832,True,True
11759913,0.87490000,30.00000000,16515354,16515354,1682995761840,False,True
11759914,0.87490000,409.40000000,16515355,16515356,1682995761844,False,True
11759915,0.87500000,3003.60000000,16515357,16515357,1682995761844,False,True
11759916,0.87500000,2192.90000000,16515358,16515358,1682995761868,False,True
11759917,0.87390000,228.80000000,16515359,16515359,1682995761920,True,True
11759918,0.87490000,175.00000000,16515360,16515360,1682995762243,False,True
11759919,0.87420000,343.10000000,16515361,16515361,1682995762320,True,True
11759920,0.87480000,872.20000000,16515362,16515362,1682995763148,False,True
11759921,0.87420000,381.20000000,16515363,16515363,1682995763218,True,True
11759922,0.87480000,22.90000000,16515364,16515364,1682995764744,False,True
11759923,0.87410000,217.30000000,16515365,16515365,1682995764819,True,True
11759924,0.87470000,22.90000000,16515366,16515366,1682995765052,False,True
11759925,0.87380000,669.40000000,16515367,16515367,1682995765119,True,True
11759926,0.87370000,336.30000000,16515368,16515368,1682995765124,True,True
11759927,0.87470000,82.50000000,16515369,16515369,1682995765183,False,True
11759928,0.87480000,544.00000000,16515370,16515370,1682995765183,False,True
11759929,0.87480000,22.90000000,16515371,16515371,1682995765361,False,True
11759930,0.87350000,345.20000000,16515372,16515372,1682995765423,True,True
11759931,0.87350000,169.70000000,16515373,16515373,1682995765459,False,True
11759932,0.87350000,59.30000000,16515374,16515374,1682995765553,False,True
11759933,0.87350000,22.90000000,16515375,16515375,1682995765721,False,True
11759934,0.87340000,66.30000000,16515376,16515376,1682995765819,True,True
11759935,0.87340000,315.30000000,16515377,16515377,1682995765821,True,True
11759936,0.87350000,22.90000000,16515378,16515378,1682995766020,False,True
11759937,0.87300000,140.50000000,16515379,16515380,1682995766120,True,True
11759938,0.87340000,22.90000000,16515381,16515381,1682995766334,False,True
11759939,0.87340000,22.90000000,16515382,16515382,1682995766634,False,True
11759940,0.87340000,21.60000000,16515383,16515383,1682995767025,False,True
11759941,0.87210000,95.00000000,16515384,16515384,1682995767787,True,True
11759942,0.87200000,18.30000000,16515385,16515385,1682995767787,True,True
11759943,0.87340000,22.90000000,16515386,16515386,1682995768249,False,True
11759944,0.87340000,22.90000000,16515387,16515387,1682995768547,False,True
11759945,0.87340000,22.90000000,16515388,16515388,1682995768854,False,True
11759946,0.87340000,21.70000000,16515389,16515389,1682995769541,False,True
11759947,0.87340000,13.60000000,16515390,16515390,1682995770221,False,True
11759948,0.87350000,9.30000000,16515391,16515391,1682995770221,False,True
11759949,0.87350000,21.50000000,16515392,16515392,1682995770249,False,True
11759950,0.87350000,21.60000000,16515393,16515393,1682995770405,False,True
11759951,0.87340000,13.70000000,16515394,16515394,1682995770531,False,True
11759952,0.87350000,9.20000000,16515395,16515395,1682995770531,False,True
11759953,0.87350000,22.90000000,16515396,16515396,1682995770837,False,True
11759954,0.87350000,22.90000000,16515397,16515397,1682995772143,False,True
11759955,0.87350000,22.90000000,16515398,16515398,1682995772442,False,True
11759956,0.87350000,22.90000000,16515399,16515399,1682995772748,False,True
11759957,0.87350000,22.90000000,16515400,16515400,1682995773047,False,True
11759958,0.87350000,21.80000000,16515401,16515401,1682995773143,False,True
11759959,0.87350000,22.90000000,16515402,16515402,1682995775001,False,True
11759960,0.87350000,21.70000000,16515403,16515403,1682995776797,False,True
11759961,0.87350000,22.90000000,16515404,16515404,1682995779056,False,True
11759962,0.87350000,12.30000000,16515405,16515405,1682995779640,False,True
11759963,0.87350000,22.90000000,16515406,16515406,1682995779673,False,True
11759964,0.87350000,12.30000000,16515407,16515407,1682995780174,False,True
11759965,0.87350000,22.90000000,16515408,16515408,1682995781179,False,True
11759966,0.87350000,49.90000000,16515409,16515409,1682995784659,False,True
11759967,0.87350000,22.90000000,16515410,16515410,1682995785750,False,True
11759968,0.87350000,14.30000000,16515411,16515411,1682995785875,False,True
11759969,0.87350000,22.90000000,16515412,16515412,1682995786391,False,True
11759970,0.87210000,14.20000000,16515413,16515413,1682995790727,True,True
11759971,0.87340000,14.20000000,16515414,16515414,1682995794747,False,True
11759972,0.87350000,8.70000000,16515415,16515415,1682995794747,False,True
11759973,0.87350000,20.60000000,16515416,16515416,1682995795384,False,True
11759974,0.87350000,21.70000000,16515417,16515417,1682995795853,False,True
11759975,0.87350000,12.40000000,16515418,16515418,1682995796772,False,True
11759976,0.87350000,45.80000000,16515419,16515419,1682995796789,False,True
11759977,0.87350000,22.90000000,16515420,16515420,1682995796985,False,True
11759978,0.87350000,22.90000000,16515421,16515421,1682995797292,False,True
11759979,0.87350000,22.90000000,16515422,16515422,1682995797592,False,True
11759980,0.87350000,22.90000000,16515423,16515423,1682995797898,False,True
11759981,0.87350000,14.30000000,16515424,16515424,1682995798046,False,True
11759982,0.87350000,22.90000000,16515425,16515425,1682995799602,False,True
11759983,0.87350000,62.50000000,16515426,16515426,1682995799604,False,True
11759984,0.87350000,17.10000000,16515427,16515427,1682995799625,False,True
11759985,0.87350000,40.70000000,16515428,16515428,1682995799628,False,True
11759986,0.87350000,36.60000000,16515429,16515429,1682995799652,False,True
11759987,0.87350000,17.80000000,16515430,16515430,1682995799653,False,True
11759988,0.87350000,36.60000000,16515431,16515431,1682995799653,False,True
11759989,0.87350000,17.60000000,16515432,16515432,1682995799663,False,True
11759990,0.87350000,50.70000000,16515433,16515433,1682995799665,False,True
11759991,0.87350000,141.30000000,16515434,16515434,1682995799672,False,True
11759992,0.87350000,112.90000000,16515435,16515435,1682995799673,False,True
11759993,0.87350000,130.50000000,16515436,16515436,1682995799676,False,True
11759994,0.87350000,100.30000000,16515437,16515437,1682995799679,False,True
11759995,0.87350000,38.00000000,16515438,16515438,1682995799682,False,True
11759996,0.87350000,30.20000000,16515439,16515439,1682995799685,False,True
11759997,0.87350000,38.40000000,16515440,16515440,1682995799686,False,True
11759998,0.87350000,58.30000000,16515441,16515441,1682995799696,False,True
11759999,0.87350000,3.60000000,16515442,16515442,1682995799699,False,True
11760000,0.87440000,8.70000000,16515443,16515443,1682995799699,False,True
11760001,0.87440000,52.30000000,16515444,16515445,1682995799703,False,True
11760002,0.87440000,16.80000000,16515446,16515446,1682995799705,False,True
11760003,0.87430000,28.70000000,16515447,16515447,1682995799710,False,True
11760004,0.87440000,9.70000000,16515448,16515449,1682995799710,False,True
11760005,0.87430000,17.60000000,16515450,16515450,1682995799713,False,True
11760006,0.87430000,20.10000000,16515451,16515451,1682995799714,False,True
11760007,0.87440000,39.90000000,16515452,16515452,1682995799714,False,True
11760008,0.87450000,55.30000000,16515453,16515453,1682995799714,False,True
11760009,0.87430000,18.10000000,16515454,16515454,1682995799716,False,True
11760010,0.87430000,14.90000000,16515455,16515455,1682995799718,False,True
11760011,0.87430000,13.90000000,16515456,16515456,1682995799720,False,True
11760012,0.87430000,16.90000000,16515457,16515457,1682995799720,False,True
11760013,0.87440000,28.70000000,16515458,16515458,1682995799720,False,True
11760014,0.87450000,85.30000000,16515459,16515459,1682995799720,False,True
11760015,0.87440000,19.80000000,16515460,16515460,1682995799727,False,True
11760016,0.87450000,17.80000000,16515461,16515461,1682995799731,False,True
11760017,0.87440000,21.50000000,16515462,16515462,1682995799751,False,True
11760018,0.87450000,58.20000000,16515463,16515463,1682995799751,False,True
11760019,0.87440000,22.90000000,16515464,16515464,1682995799891,False,True
11760020,0.87470000,49.70000000,16515465,16515465,1682995799975,False,True
11760021,0.87470000,45.30000000,16515466,16515466,1682995800009,False,True
11760022,0.87480000,0.40000000,16515467,16515467,1682995800009,False,True
11760023,0.87300000,14.20000000,16515468,16515468,1682995800011,True,True
11760024,0.87460000,28.80000000,16515469,16515469,1682995800054,False,True
11760025,0.87470000,61.10000000,16515470,16515470,1682995800054,False,True
11760026,0.87470000,26.10000000,16515471,16515471,1682995800183,False,True
11760027,0.87470000,37.30000000,16515472,16515472,1682995800223,False,True
11760028,0.87470000,42.60000000,16515473,16515473,1682995800340,False,True
11760029,0.87470000,30.90000000,16515474,16515474,1682995800343,False,True
11760030,0.87470000,30.60000000,16515475,16515475,1682995800952,False,True
11760031,0.87480000,3.00000000,16515476,16515476,1682995800952,False,True
11760032,0.87480000,15.00000000,16515477,16515477,1682995801068,False,True
11760033,0.87480000,16.20000000,16515478,16515478,1682995801108,False,True
11760034,0.87480000,11.80000000,16515479,16515479,1682995801124,False,True
11760035,0.87500000,21.40000000,16515480,16515480,1682995801124,False,True
11760036,0.87500000,58.00000000,16515481,16515481,1682995801128,False,True
11760037,0.87500000,17.80000000,16515482,16515482,1682995801784,False,True
11760038,0.87500000,47.20000000,16515483,16515483,1682995801850,False,True
11760039,0.87500000,33.10000000,16515484,16515484,1682995801854,False,True
11760040,0.87500000,32.20000000,16515485,16515485,1682995803086,False,True
11760041,0.87500000,73.40000000,16515486,16515486,1682995803598,False,True
11760042,0.87500000,102.40000000,16515487,16515487,1682995803691,False,True
11760043,0.87500000,14.40000000,16515488,16515488,1682995805406,False,True
11760044,0.87390000,14.20000000,16515489,16515489,1682995808509,True,True
11760045,0.87380000,68.30000000,16515490,16515490,1682995810352,True,True
11760046,0.87460000,22.90000000,16515491,16515491,1682995820961,False,True
11760047,0.87380000,289.90000000,16515492,16515492,1682995825153,True,True
11760048,0.87490000,14.20000000,16515493,16515493,1682995825322,False,True
11760049,0.87500000,12.20000000,16515494,16515494,1682995825322,False,True
11760050,0.87510000,39.10000000,16515495,16515495,1682995825322,False,True
11760051,0.87510000,55.90000000,16515496,16515496,1682995853839,False,True
11760052,0.87510000,14.30000000,16515497,16515497,1682995857089,False,True
11760053,0.87510000,14.30000000,16515498,16515498,1682995857096,False,True
11760054,0.87520000,14.40000000,16515499,16515499,1682995857118,False,True
11760055,0.87520000,14.30000000,16515500,16515500,1682995857123,False,True
11760056,0.87520000,14.40000000,16515501,16515501,1682995857124,False,True
11760057,0.87380000,14.10000000,16515502,16515502,1682995858577,True,True
11760058,0.87380000,14.20000000,16515503,16515503,1682995858581,True,True
11760059,0.87380000,14.20000000,16515504,16515504,1682995858593,True,True
11760060,0.87380000,14.20000000,16515505,16515505,1682995858704,True,True
11760061,0.87380000,14.20000000,16515506,16515506,1682995859092,True,True
11760062,0.87390000,102.20000000,16515507,16515507,1682995896765,True,True
11760063,0.87380000,95.00000000,16515508,16515508,1682995896765,True,True
11760064,0.87370000,228.90000000,16515509,16515509,1682995896765,True,True
11760065,0.87310000,28.70000000,16515510,16515510,1682995896765,True,True
11760066,0.87300000,52.20000000,16515511,16515511,1682995896765,True,True
11760067,0.87260000,102.10000000,16515512,16515512,1682995896772,True,True
11760068,0.87290000,229.10000000,16515513,16515513,1682995900845,False,True
11760069,0.87300000,49.00000000,16515514,16515514,1682995900845,False,True
11760070,0.87300000,719.80000000,16515515,16515515,1682995900847,False,True
11760071,0.87230000,3394.50000000,16515516,16515517,1682995901504,True,True
11760072,0.87200000,385.30000000,16515518,16515519,1682995901504,True,True
11760073,0.87160000,455.40000000,16515520,16515520,1682995901504,True,True
11760074,0.87150000,1190.00000000,16515521,16515522,1682995901504,True,True
11760075,0.87140000,30.20000000,16515523,16515523,1682995901504,True,True
11760076,0.87130000,114.30000000,16515524,16515524,1682995901504,True,True
11760077,0.87120000,516.30000000,16515525,16515535,1682995901504,True,True
11760078,0.87110000,3434.80000000,16515536,16515536,1682995901504,True,True
11760079,0.87100000,39.00000000,16515537,16515538,1682995901504,True,True
11760080,0.87090000,115.00000000,16515539,16515539,1682995901504,True,True
11760081,0.87080000,170.30000000,16515540,16515542,1682995901504,True,True
11760082,0.87070000,119.60000000,16515543,16515543,1682995901504,True,True
11760083,0.87060000,111.00000000,16515544,16515544,1682995901504,True,True
11760084,0.87030000,2204.40000000,16515545,16515546,1682995901504,True,True
11760085,0.87020000,72.30000000,16515547,16515547,1682995901504,True,True
11760086,0.87010000,1634.10000000,16515548,16515550,1682995901504,True,True
11760087,0.87000000,18424.30000000,16515551,16515560,1682995901504,True,True
11760088,0.86950000,165.70000000,16515561,16515561,1682995901504,True,True
11760089,0.86920000,65.90000000,16515562,16515562,1682995901504,True,True
11760090,0.86920000,367.90000000,16515563,16515563,1682995901504,True,True
11760091,0.86880000,776.50000000,16515564,16515565,1682995901504,True,True
11760092,0.87000000,1156.60000000,16515566,16515566,1682995901508,False,True
11760093,0.86990000,229.90000000,16515567,16515567,1682995901510,False,True
11760094,0.87000000,269.40000000,16515568,16515568,1682995901510,False,True
11760095,0.86970000,40.00000000,16515569,16515569,1682995901512,False,True
11760096,0.87000000,163.20000000,16515570,16515570,1682995901512,False,True
11760097,0.86990000,229.90000000,16515571,16515571,1682995901526,False,True
11760098,0.87000000,1205.90000000,16515572,16515572,1682995901526,False,True
11760099,0.87000000,207.00000000,16515573,16515573,1682995901553,False,True
11760100,0.86890000,499.30000000,16515574,16515575,1682995902196,True,True
11760101,0.86990000,242.20000000,16515576,16515576,1682995902398,False,True
11760102,0.87000000,732.30000000,16515577,16515577,1682995902398,False,True
11760103,0.87000000,21.70000000,16515578,16515578,1682995902513,False,True
11760104,0.87000000,23.00000000,16515579,16515579,1682995902630,False,True
11760105,0.87000000,109.40000000,16515580,16515580,1682995903276,False,True
11760106,0.87000000,495.20000000,16515581,16515581,1682995903603,False,True
11760107,0.86900000,478.50000000,16515582,16515583,1682995904446,True,True
11760108,0.86880000,438.60000000,16515584,16515592,1682995904446,True,True
11760109,0.86980000,21.60000000,16515593,16515593,1682995904717,False,True
11760110,0.86980000,21.60000000,16515594,16515594,1682995905468,False,True
11760111,0.86990000,21.70000000,16515595,16515595,1682995906748,False,True
11760112,0.86990000,20.90000000,16515596,16515596,1682995907011,False,True
11760113,0.86990000,23.00000000,16515597,16515597,1682995907849,False,True
11760114,0.86990000,23.00000000,16515598,16515598,1682995908158,False,True
11760115,0.86990000,10.90000000,16515599,16515599,1682995908465,False,True
11760116,0.87000000,12.10000000,16515600,16515600,1682995908465,False,True
11760117,0.86990000,23.00000000,16515601,16515601,1682995908821,False,True
11760118,0.86980000,23.00000000,16515602,16515602,1682995909149,False,True
11760119,0.86980000,23.00000000,16515603,16515603,1682995909479,False,True
11760120,0.86980000,20.00000000,16515604,16515604,1682995909692,False,True
11760121,0.86980000,23.00000000,16515605,16515605,1682995909811,False,True
11760122,0.86970000,23.00000000,16515606,16515606,1682995911540,False,True
11760123,0.86970000,15.30000000,16515607,16515607,1682995911840,False,True
11760124,0.86980000,6.40000000,16515608,16515608,1682995911840,False,True
11760125,0.86980000,21.60000000,16515609,16515609,1682995911901,False,True
11760126,0.86990000,1.40000000,16515610,16515610,1682995911901,False,True
11760127,0.86990000,23.00000000,16515611,16515611,1682995912207,False,True
11760128,0.86950000,23.10000000,16515612,16515612,1682995913666,False,True
11760129,0.86960000,19.10000000,16515613,16515613,1682995913992,False,True
11760130,0.86970000,3.90000000,16515614,16515614,1682995913992,False,True
11760131,0.86970000,23.00000000,16515615,16515615,1682995914350,False,True
11760132,0.86970000,23.00000000,16515616,16515616,1682995914700,False,True
11760133,0.86970000,23.00000000,16515617,16515617,1682995915046,False,True
11760134,0.86960000,19.20000000,16515618,16515618,1682995915354,False,True
11760135,0.86970000,3.80000000,16515619,16515619,1682995915354,False,True
11760136,0.86970000,23.00000000,16515620,16515620,1682995915699,False,True
11760137,0.86990000,23.00000000,16515621,16515621,1682995917517,False,True
11760138,0.86990000,23.00000000,16515622,16515622,1682995917834,False,True
11760139,0.86990000,23.00000000,16515623,16515623,1682995918155,False,True
11760140,0.86960000,114.50000000,16515624,16515624,1682995918606,False,True
11760141,0.86960000,23.00000000,16515625,16515625,1682995919524,False,True
11760142,0.86960000,23.00000000,16515626,16515626,1682995919840,False,True
11760143,0.86960000,23.00000000,16515627,16515627,1682995920161,False,True
11760144,0.86960000,23.00000000,16515628,16515628,1682995920512,False,True
11760145,0.86960000,23.00000000,16515629,16515629,1682995920839,False,True
11760146,0.86960000,23.00000000,16515630,16515630,1682995921182,False,True
11760147,0.86950000,23.00000000,16515631,16515631,1682995921492,False,True
11760148,0.86950000,229.80000000,16515632,16515632,1682995921523,False,True
11760149,0.86950000,23.10000000,16515633,16515633,1682995921825,False,True
11760150,0.86950000,229.80000000,16515634,16515634,1682995921850,False,True
11760151,0.86950000,3728.50000000,16515635,16515635,1682995921864,False,True
11760152,0.86950000,229.80000000,16515636,16515636,1682995921866,False,True
11760153,0.86960000,21.10000000,16515637,16515637,1682995921874,False,True
11760154,0.86960000,1118.10000000,16515638,16515638,1682995921877,False,True
11760155,0.86960000,1118.10000000,16515639,16515639,1682995921877,False,True
11760156,0.87000000,23.00000000,16515640,16515640,1682995922141,False,True
11760157,0.87000000,32.20000000,16515641,16515641,1682995922307,False,True
11760158,0.87000000,23.00000000,16515642,16515642,1682995925170,False,True
11760159,0.87000000,23.00000000,16515643,16515643,1682995926993,False,True
11760160,0.87000000,23.00000000,16515644,16515644,1682995927327,False,True
11760161,0.87000000,23.00000000,16515645,16515645,1682995927637,False,True
11760162,0.87000000,23.00000000,16515646,16515646,1682995928036,False,True
11760163,0.87000000,23.00000000,16515647,16515647,1682995928402,False,True
11760164,0.87000000,23.00000000,16515648,16515648,1682995929716,False,True
11760165,0.87000000,23.00000000,16515649,16515649,1682995930025,False,True
11760166,0.87000000,23.00000000,16515650,16515650,1682995930358,False,True
11760167,0.87000000,23.00000000,16515651,16515651,1682995930659,False,True
11760168,0.87000000,23.00000000,16515652,16515652,1682995933772,False,True
11760169,0.87000000,23.00000000,16515653,16515653,1682995934089,False,True
11760170,0.87000000,23.00000000,16515654,16515654,1682995934409,False,True
11760171,0.87000000,23.00000000,16515655,16515655,1682995934737,False,True
11760172,0.87000000,23.00000000,16515656,16515656,1682995935067,False,True
11760173,0.87000000,23.00000000,16515657,16515657,1682995935382,False,True
11760174,0.87000000,21.70000000,16515658,16515658,1682995935430,False,True
11760175,0.87000000,20.60000000,16515659,16515659,1682995935455,False,True
11760176,0.87000000,23.00000000,16515660,16515660,1682995935683,False,True
11760177,0.86920000,118.00000000,16515661,16515662,1682995935731,True,True
11760178,0.86910000,113.90000000,16515663,16515664,1682995935731,True,True
11760179,0.86900000,83.50000000,16515665,16515665,1682995935731,True,True
11760180,0.87000000,23.00000000,16515666,16515666,1682995937617,False,True
11760181,0.87000000,23.00000000,16515667,16515667,1682995939947,False,True
11760182,0.87000000,23.00000000,16515668,16515668,1682995942184,False,True
11760183,0.87000000,23.00000000,16515669,16515669,1682995942495,False,True
11760184,0.87000000,23.00000000,16515670,16515670,1682995945185,False,True
11760185,0.87000000,23.00000000,16515671,16515671,1682995945516,False,True
11760186,0.87000000,23.00000000,16515672,16515672,1682995946226,False,True
11760187,0.86990000,23.00000000,16515673,16515673,1682995946528,False,True
11760188,0.87000000,23.00000000,16515674,16515674,1682995948453,False,True
11760189,0.87000000,23.00000000,16515675,16515675,1682995949095,False,True
11760190,0.87000000,23.00000000,16515676,16515676,1682995949420,False,True
11760191,0.87000000,23.00000000,16515677,16515677,1682995950776,False,True
11760192,0.87000000,23.00000000,16515678,16515678,1682995951719,False,True
11760193,0.87000000,23.00000000,16515679,16515679,1682995953226,False,True
11760194,0.87000000,23.00000000,16515680,16515680,1682995953563,False,True
11760195,0.87000000,23.00000000,16515681,16515681,1682995953863,False,True
11760196,0.87000000,23.00000000,16515682,16515682,1682995955179,False,True
11760197,0.86990000,23.00000000,16515683,16515683,1682995955854,False,True
11760198,0.87000000,23.00000000,16515684,16515684,1682995957264,False,True
11760199,0.87000000,23.00000000,16515685,16515685,1682995957893,False,True
11760200,0.87000000,23.00000000,16515686,16515686,1682995958219,False,True
11760201,0.87000000,23.00000000,16515687,16515687,1682995958553,False,True
11760202,0.87000000,23.00000000,16515688,16515688,1682995958861,False,True
11760203,0.86990000,23.00000000,16515689,16515689,1682995960680,False,True
11760204,0.87000000,23.00000000,16515690,16515690,1682995960983,False,True
11760205,0.87000000,23.00000000,16515691,16515691,1682995963106,False,True
11760206,0.87000000,23.00000000,16515692,16515692,1682995968431,False,True
11760207,0.87000000,23.00000000,16515693,16515693,1682995975410,False,True
11760208,0.87000000,23.00000000,16515694,16515694,1682995976343,False,True
11760209,0.87000000,23.00000000,16515695,16515695,1682995980096,False,True
11760210,0.87000000,23.00000000,16515696,16515696,1682995981792,False,True
11760211,0.87000000,23.00000000,16515697,16515697,1682995984388,False,True
11760212,0.87000000,23.00000000,16515698,16515698,1682995985476,False,True
11760213,0.87000000,23.00000000,16515699,16515699,1682995989936,False,True
11760214,0.87000000,23.00000000,16515700,16515700,1682995991214,False,True
11760215,0.87000000,23.00000000,16515701,16515701,1682995992889,False,True
11760216,0.87000000,23.00000000,16515702,16515702,1682995993210,False,True
11760217,0.87000000,23.00000000,16515703,16515703,1682995999369,False,True
11760218,0.87000000,23.00000000,16515704,16515704,1682996008592,False,True
11760219,0.87000000,23.00000000,16515705,16515705,1682996008908,False,True
11760220,0.87000000,23.00000000,16515706,16515706,1682996009231,False,True
11760221,0.87000000,20.30000000,16515707,16515707,1682996009556,False,True
11760222,0.87000000,23.00000000,16515708,16515708,1682996011534,False,True
11760223,0.87000000,23.00000000,16515709,16515709,1682996012237,False,True
11760224,0.87000000,23.00000000,16515710,16515710,1682996021973,False,True
11760225,0.87000000,23.00000000,16515711,16515711,1682996026674,False,True
11760226,0.87000000,23.00000000,16515712,16515712,1682996026997,False,True
11760227,0.87000000,23.00000000,16515713,16515713,1682996027295,False,True
11760228,0.87000000,23.00000000,16515714,16515714,1682996028660,False,True
11760229,0.87000000,23.00000000,16515715,16515715,1682996030527,False,True
11760230,0.87000000,23.00000000,16515716,16515716,1682996039725,False,True
11760231,0.87000000,23.00000000,16515717,16515717,1682996048057,False,True
11760232,0.87000000,23.00000000,16515718,16515718,1682996050366,False,True
11760233,0.87000000,23.00000000,16515719,16515719,1682996051195,False,True
11760234,0.87000000,23.00000000,16515720,16515720,1682996056452,False,True
11760235,0.87000000,23.00000000,16515721,16515721,1682996062293,False,True
11760236,0.87000000,23.00000000,16515722,16515722,1682996072372,False,True
11760237,0.87000000,23.00000000,16515723,16515723,1682996073459,False,True
11760238,0.87000000,23.00000000,16515724,16515724,1682996077347,False,True
11760239,0.87000000,23.00000000,16515725,16515725,1682996077759,False,True
11760240,0.86910000,238.00000000,16515726,16515728,1682996077835,True,True
11760241,0.86890000,230.10000000,16515729,16515729,1682996077835,True,True
11760242,0.86880000,1239.50000000,16515730,16515732,1682996077835,True,True
11760243,0.86990000,23.00000000,16515733,16515733,1682996080532,False,True
11760244,0.86990000,23.00000000,16515734,16515734,1682996080845,False,True
11760245,0.86990000,23.00000000,16515735,16515735,1682996081365,False,True
11760246,0.86990000,23.00000000,16515736,16515736,1682996081685,False,True
11760247,0.86990000,23.00000000,16515737,16515737,1682996082239,False,True
11760248,0.86990000,23.00000000,16515738,16515738,1682996082552,False,True
11760249,0.86990000,23.00000000,16515739,16515739,1682996083090,False,True
11760250,0.86990000,23.00000000,16515740,16515740,1682996083442,False,True
11760251,0.86990000,23.00000000,16515741,16515741,1682996083962,False,True
11760252,0.86990000,23.00000000,16515742,16515743,1682996085519,False,True
11760253,0.86990000,23.00000000,16515744,16515744,1682996094440,False,True
11760254,0.87000000,23.00000000,16515745,16515745,1682996099359,False,True
11760255,0.87000000,45.50000000,16515746,16515746,1682996102153,False,True
11760256,0.87000000,23.00000000,16515747,16515747,1682996110292,False,True
11760257,0.87000000,443.80000000,16515748,16515748,1682996117421,False,True
11760258,0.87000000,4589.70000000,16515749,16515749,1682996123007,False,True
11760259,0.87000000,8313.60000000,16515750,16515750,1682996123009,False,True
11760260,0.87000000,8313.60000000,16515751,16515751,1682996123010,False,True
11760261,0.87000000,2709.80000000,16515752,16515756,1682996123010,False,True
11760262,0.87080000,124.00000000,16515757,16515757,1682996123016,False,True
11760263,0.87130000,66.20000000,16515758,16515758,1682996123020,False,True
11760264,0.87140000,392.20000000,16515759,16515760,1682996123020,False,True
11760265,0.87130000,95.00000000,16515761,16515761,1682996123027,False,True
11760266,0.87140000,66.20000000,16515762,16515762,1682996123037,False,True
11760267,0.87150000,95.00000000,16515763,16515763,1682996123899,False,True
11760268,0.87160000,115.50000000,16515764,16515764,1682996123899,False,True
11760269,0.87180000,172.50000000,16515765,16515766,1682996123899,False,True
11760270,0.87070000,40.00000000,16515767,16515767,1682996123907,False,True
11760271,0.87250000,23.00000000,16515768,16515768,1682996292051,False,True
11760272,0.87250000,27.00000000,16515769,16515769,1682996296038,False,True
11760273,0.87250000,60.30000000,16515770,16515770,1682996296126,True,True
11760274,0.87260000,57.30000000,16515771,16515771,1682996323830,False,True
11760275,0.87250000,252.80000000,16515772,16515773,1682996350903,True,True
11760276,0.87160000,124.90000000,16515774,16515774,1682996350903,True,True
11760277,0.87140000,124.40000000,16515775,16515775,1682996350903,True,True
11760278,0.87120000,211.30000000,16515776,16515777,1682996350903,True,True
11760279,0.87070000,248.40000000,16515778,16515779,1682996350903,True,True
11760280,0.87060000,124.20000000,16515780,16515780,1682996350903,True,True
11760281,0.87030000,193.00000000,16515781,16515782,1682996350903,True,True
11760282,0.87010000,66.70000000,16515783,16515783,1682996350903,True,True
11760283,0.87000000,3409.80000000,16515784,16515785,1682996350903,True,True
11760284,0.87000000,469.90000000,16515786,16515786,1682996350906,False,True
11760285,0.87000000,499.30000000,16515787,16515787,1682996350907,False,True
11760286,0.87000000,239.80000000,16515788,16515788,1682996350909,False,True
11760287,0.86980000,882.30000000,16515789,16515789,1682996351553,True,True
11760288,0.86990000,23.00000000,16515790,16515790,1682996358201,False,True
11760289,0.86990000,23.00000000,16515791,16515791,1682996358608,False,True
11760290,0.86990000,23.00000000,16515792,16515792,1682996359449,False,True
11760291,0.86990000,23.00000000,16515793,16515793,1682996362480,False,True
11760292,0.86990000,23.00000000,16515794,16515794,1682996363328,False,True
11760293,0.86990000,23.00000000,16515795,16515795,1682996373711,False,True
11760294,0.86990000,3.80000000,16515796,16515796,1682996383473,False,True
11760295,0.87000000,19.20000000,16515797,16515797,1682996383473,False,True
11760296,0.86990000,13.40000000,16515798,16515798,1682996383778,False,True
11760297,0.87000000,9.60000000,16515799,16515799,1682996383778,False,True
11760298,0.86980000,23.00000000,16515800,16515800,1682996459173,False,True
11760299,0.86990000,63.40000000,16515801,16515802,1682996460475,False,True
11760300,0.87000000,703.90000000,16515803,16515803,1682996460475,False,True
11760301,0.87000000,1077.80000000,16515804,16515804,1682996460476,False,True
11760302,0.87000000,120.30000000,16515805,16515805,1682996460477,False,True
11760303,0.87000000,233.10000000,16515806,16515806,1682996460478,False,True
11760304,0.87000000,218.50000000,16515807,16515807,1682996460479,False,True
11760305,0.87000000,819.30000000,16515808,16515808,1682996460512,False,True
11760306,0.87000000,230.50000000,16515809,16515809,1682996460514,False,True
11760307,0.87000000,278.40000000,16515810,16515810,1682996460515,False,True
11760308,0.87000000,5410.40000000,16515811,16515811,1682996460516,False,True
11760309,0.87000000,304.60000000,16515812,16515812,1682996460518,False,True
11760310,0.87000000,1644.30000000,16515813,16515813,1682996460519,False,True
11760311,0.87000000,499.30000000,16515814,16515814,1682996460522,False,True
11760312,0.87000000,31190.50000000,16515815,16515815,1682996461600,False,True
11760313,0.87170000,23.00000000,16515816,16515816,1682996496030,False,True
11760314,0.87170000,103.00000000,16515817,16515818,1682996565214,False,True
11760315,0.87000000,95.00000000,16515819,16515819,1682996582975,True,True
11760316,0.86980000,20.00000000,16515820,16515820,1682996582975,True,True
11760317,0.86980000,96.50000000,16515821,16515821,1682996582975,True,True
11760318,0.86960000,30.00000000,16515822,16515822,1682996582975,True,True
11760319,0.86960000,115.10000000,16515823,16515824,1682996582976,True,True
11760320,0.86960000,86.80000000,16515825,16515825,1682996582976,True,True
11760321,0.86940000,8.40000000,16515826,16515826,1682996582976,True,True
11760322,0.86920000,28.20000000,16515827,16515827,1682996584977,True,True
11760323,0.86920000,184.80000000,16515828,16515830,1682996584978,True,True
11760324,0.86910000,316.00000000,16515831,16515831,1682996584978,True,True
11760325,0.86890000,95.00000000,16515832,16515832,1682996585974,True,True
11760326,0.86880000,31.70000000,16515833,16515833,1682996585974,True,True
11760327,0.86880000,126.70000000,16515834,16515837,1682996585975,True,True
11760328,0.86880000,126.70000000,16515838,16515840,1682996585976,True,True
11760329,0.86880000,89.30000000,16515841,16515843,1682996585976,True,True
11760330,0.87120000,23.00000000,16515844,16515844,1682996588676,False,True
11760331,0.87120000,23.00000000,16515845,16515845,1682996590260,False,True
11760332,0.87120000,23.00000000,16515846,16515846,1682996590573,False,True
11760333,0.87120000,23.00000000,16515847,16515847,1682996591135,False,True
11760334,0.87120000,33.00000000,16515848,16515848,1682996596753,False,True
11760335,0.87120000,217.70000000,16515849,16515850,1682996640179,False,True
11760336,0.87130000,95.00000000,16515851,16515851,1682996640179,False,True
11760337,0.87140000,122.90000000,16515852,16515852,1682996640179,False,True
11760338,0.87150000,8.20000000,16515853,16515853,1682996640179,False,True
11760339,0.86930000,27.60000000,16515854,16515854,1682996739542,True,True
11760340,0.87140000,62.00000000,16515855,16515855,1682996795400,False,True
11760341,0.87140000,33.00000000,16515856,16515856,1682996849134,False,True
11760342,0.87140000,42.90000000,16515857,16515857,1682996899272,True,True
11760343,0.87130000,161.50000000,16515858,16515859,1682996911818,False,True
11760344,0.87140000,28.60000000,16515860,16515860,1682996911818,False,True
11760345,0.87140000,250.10000000,16515861,16515861,1682996966670,False,True
11760346,0.87160000,230.80000000,16515862,16515862,1682996966670,False,True
11760347,0.87160000,92.80000000,16515863,16515863,1682996966681,True,True
11760348,0.87010000,51.30000000,16515864,16515864,1682996966694,True,True
11760349,0.87000000,41.50000000,16515865,16515865,1682996966694,True,True
11760350,0.87160000,23.00000000,16515866,16515866,1682996969926,False,True
11760351,0.87160000,72.40000000,16515867,16515868,1682996987511,False,True
11760352,0.87170000,371.40000000,16515869,16515870,1682996987511,False,True
11760353,0.87030000,66.60000000,16515871,16515871,1682997077845,True,True
11760354,0.87010000,248.00000000,16515872,16515873,1682997077845,True,True
11760355,0.87000000,1145.60000000,16515874,16515885,1682997077845,True,True
11760356,0.87000000,1436.40000000,16515886,16515886,1682997077868,False,True
11760357,0.87010000,189.00000000,16515887,16515890,1682997124426,True,True
11760358,0.87010000,23.00000000,16515891,16515891,1682997151320,False,True
11760359,0.87010000,23.00000000,16515892,16515892,1682997179948,False,True
11760360,0.87010000,23.60000000,16515893,16515893,1682997205674,False,True
11760361,0.87010000,22.80000000,16515894,16515894,1682997229730,False,True
11760362,0.87000000,19.10000000,16515895,16515895,1682997248890,True,True
11760363,0.87010000,14.50000000,16515896,16515896,1682997349584,False,True
11760364,0.87010000,14.50000000,16515897,16515897,1682997349584,False,True
11760365,0.87010000,14.50000000,16515898,16515898,1682997349590,False,True
11760366,0.87010000,14.50000000,16515899,16515899,1682997349594,False,True
11760367,0.87010000,14.40000000,16515900,16515900,1682997349600,False,True
11760368,0.87010000,14.30000000,16515901,16515901,1682997349611,False,True
11760369,0.87010000,14.40000000,16515902,16515902,1682997349612,False,True
11760370,0.87000000,14.20000000,16515903,16515904,1682997351059,True,True
11760371,0.87000000,7.60000000,16515905,16515905,1682997351080,True,True
11760372,0.86990000,6.70000000,16515906,16515906,1682997351080,True,True
11760373,0.86990000,499.30000000,16515907,16515907,1682997351084,True,True
11760374,0.86990000,14.30000000,16515908,16515908,1682997351529,True,True
11760375,0.86990000,14.30000000,16515909,16515909,1682997351563,True,True
11760376,0.86990000,14.20000000,16515910,16515910,1682997351604,True,True
11760377,0.86990000,14.30000000,16515911,16515911,1682997351810,True,True
11760378,0.86990000,14.30000000,16515912,16515912,1682997351848,True,True
11760379,0.86990000,21.60000000,16515913,16515913,1682997475530,True,True
11760380,0.86990000,19.20000000,16515914,16515914,1682997488504,True,True
11760381,0.87000000,52.20000000,16515915,16515915,1682997526594,False,True
11760382,0.86990000,16.90000000,16515916,16515916,1682997560338,True,True
11760383,0.87000000,23.80000000,16515917,16515917,1682997562874,False,True
11760384,0.86890000,230.00000000,16515918,16515918,1682997569747,True,True
11760385,0.86890000,42.70000000,16515919,16515919,1682997689623,True,True
11760386,0.86980000,84.00000000,16515920,16515920,1682997706180,False,True
11760387,0.86890000,159.70000000,16515921,16515921,1682997757789,True,True
11760388,0.86890000,85.60000000,16515922,16515922,1682997763838,True,True
11760389,0.86880000,340.20000000,16515923,16515923,1682997763838,True,True
11760390,0.86870000,1032.50000000,16515924,16515925,1682997764145,True,True
11760391,0.86800000,39.20000000,16515926,16515926,1682997766291,True,True
11760392,0.86800000,388.50000000,16515927,16515927,1682997766409,False,True
11760393,0.86800000,218.80000000,16515928,16515928,1682997768185,False,True
11760394,0.86870000,367.30000000,16515929,16515931,1682997768185,False,True
11760395,0.86780000,23.00000000,16515932,16515932,1682997794880,True,True
11760396,0.86870000,21.10000000,16515933,16515933,1682997797371,False,True
11760397,0.86810000,23.00000000,16515934,16515934,1682997806170,True,True
11760398,0.86810000,5.90000000,16515935,16515935,1682997806808,True,True
11760399,0.86800000,95.00000000,16515936,16515936,1682997806808,True,True
11760400,0.86790000,263.80000000,16515937,16515938,1682997806808,True,True
11760401,0.86780000,221.40000000,16515939,16515939,1682997806808,True,True
11760402,0.86780000,23.00000000,16515940,16515940,1682997819274,True,True
11760403,0.86960000,23.00000000,16515941,16515941,1682997830857,False,True
11760404,0.86780000,23.00000000,16515942,16515942,1682997831167,True,True
11760405,0.86950000,23.10000000,16515943,16515943,1682997839518,False,True
11760406,0.86790000,23.00000000,16515944,16515944,1682997841487,True,True
11760407,0.86790000,5.90000000,16515945,16515945,1682997851345,True,True
11760408,0.86780000,167.00000000,16515946,16515947,1682997851345,True,True
11760409,0.86770000,132.30000000,16515948,16515948,1682997851345,True,True
11760410,0.86770000,23.00000000,16515949,16515949,1682997856761,True,True
11760411,0.86770000,23.00000000,16515950,16515950,1682997868535,True,True
11760412,0.86770000,23.00000000,16515951,16515951,1682997881929,True,True
11760413,0.86920000,115.10000000,16515952,16515953,1682997884867,False,True
11760414,0.86780000,23.00000000,16515954,16515954,1682997893218,True,True
11760415,0.86780000,23.00000000,16515955,16515955,1682997915339,True,True
11760416,0.86780000,23.00000000,16515956,16515956,1682997927251,True,True
11760417,0.86780000,23.00000000,16515957,16515957,1682997943456,True,True
11760418,0.86920000,23.10000000,16515958,16515958,1682997956023,False,True
11760419,0.86790000,23.00000000,16515959,16515959,1682997968940,True,True
11760420,0.86920000,71.90000000,16515960,16515960,1682997969211,False,True
11760421,0.86930000,28.10000000,16515961,16515961,1682997969211,False,True
11760422,0.86810000,23.00000000,16515962,16515962,1682997990824,True,True
11760423,0.86810000,23.00000000,16515963,16515963,1682998006942,True,True
11760424,0.86950000,21.70000000,16515964,16515965,1682998021193,False,True
11760425,0.86810000,23.00000000,16515966,16515966,1682998025101,True,True
11760426,0.86820000,23.00000000,16515967,16515967,1682998046037,True,True
11760427,0.86790000,23.00000000,16515968,16515968,1682998067284,True,True
11760428,0.86930000,45.00000000,16515969,16515969,1682998075480,False,True
11760429,0.86800000,23.00000000,16515970,16515970,1682998085024,True,True
11760430,0.86800000,5.80000000,16515971,16515971,1682998105089,True,True
11760431,0.86790000,17.20000000,16515972,16515973,1682998105089,True,True
11760432,0.86800000,23.00000000,16515974,16515974,1682998122429,True,True
11760433,0.86820000,23.00000000,16515975,16515975,1682998140390,True,True
11760434,0.86810000,23.00000000,16515976,16515976,1682998161321,True,True
11760435,0.86810000,72.00000000,16515977,16515977,1682998168403,True,True
11760436,0.86800000,37.90000000,16515978,16515978,1682998168403,True,True
11760437,0.86790000,6.30000000,16515979,16515979,1682998168403,True,True
11760438,0.86800000,23.00000000,16515980,16515980,1682998178366,True,True
11760439,0.86940000,57.50000000,16515981,16515981,1682998188403,False,True
11760440,0.86800000,22.10000000,16515982,16515982,1682998196729,True,True
11760441,0.86790000,0.90000000,16515983,16515983,1682998196729,True,True
11760442,0.86790000,23.00000000,16515984,16515984,1682998216830,True,True
11760443,0.86940000,14.30000000,16515985,16515985,1682998228583,False,True
11760444,0.86790000,14.20000000,16515986,16515986,1682998229679,True,True
11760445,0.86790000,490.80000000,16515987,16515988,1682998230641,True,True
11760446,0.86790000,160.10000000,16515989,16515989,1682998235099,False,True
11760447,0.86780000,23.00000000,16515990,16515990,1682998236329,True,True
11760448,0.86780000,23.00000000,16515991,16515991,1682998256007,True,True
11760449,0.86780000,23.00000000,16515992,16515992,1682998277212,True,True
11760450,0.86790000,180.80000000,16515993,16515993,1682998289185,False,True
11760451,0.86790000,406.70000000,16515994,16515994,1682998289188,False,True
11760452,0.86790000,135.60000000,16515995,16515995,1682998289190,False,True
11760453,0.86790000,23.00000000,16515996,16515996,1682998295934,True,True
11760454,0.86790000,23.00000000,16515997,16515998,1682998316992,True,True
11760455,0.86790000,33.30000000,16515999,16515999,1682998336569,False,True
11760456,0.86790000,23.00000000,16516000,16516000,1682998342405,True,True
11760457,0.86790000,23.00000000,16516001,16516001,1682998362155,True,True
11760458,0.86790000,23.00000000,16516002,16516002,1682998385097,True,True
11760459,0.86800000,23.00000000,16516003,16516003,1682998406254,True,True
11760460,0.86940000,23.10000000,16516004,16516004,1682998418774,False,True
11760461,0.86800000,23.00000000,16516005,16516005,1682998428024,True,True
11760462,0.86810000,23.00000000,16516006,16516006,1682998451749,True,True
11760463,0.86810000,23.00000000,16516007,16516007,1682998473723,True,True
11760464,0.86810000,43.10000000,16516008,16516008,1682998484002,True,True
11760465,0.86940000,23.10000000,16516009,16516010,1682998490157,False,True
11760466,0.86810000,23.00000000,16516011,16516011,1682998497282,True,True
11760467,0.86940000,23.10000000,16516012,16516013,1682998511180,False,True
11760468,0.86810000,23.00000000,16516014,16516014,1682998523614,True,True
11760469,0.86940000,23.10000000,16516015,16516015,1682998534561,False,True
11760470,0.86810000,23.00000000,16516016,16516016,1682998546593,True,True
11760471,0.86940000,23.10000000,16516017,16516018,1682998552416,False,True
11760472,0.86940000,32.50000000,16516019,16516019,1682998552422,False,True
11760473,0.86820000,23.00000000,16516020,16516020,1682998570361,True,True
11760474,0.86980000,28.90000000,16516021,16516021,1682998572804,False,True
11760475,0.86990000,189.50000000,16516022,16516022,1682998572865,False,True
11760476,0.87000000,92.50000000,16516023,16516023,1682998572944,False,True
11760477,0.87000000,54.00000000,16516024,16516025,1682998573067,False,True
11760478,0.87010000,209.80000000,16516026,16516027,1682998573205,False,True
11760479,0.87030000,107.50000000,16516028,16516028,1682998573218,False,True
11760480,0.87040000,92.70000000,16516029,16516029,1682998573240,False,True
11760481,0.87050000,23.00000000,16516030,16516030,1682998573695,False,True
11760482,0.87050000,23.00000000,16516031,16516031,1682998574245,False,True
11760483,0.87050000,49.00000000,16516032,16516032,1682998574253,False,True
11760484,0.87070000,330.00000000,16516033,16516034,1682998579046,False,True
11760485,0.87070000,35.30000000,16516035,16516035,1682998579051,False,True
11760486,0.87070000,17.70000000,16516036,16516036,1682998579103,False,True
11760487,0.87220000,50.00000000,16516037,16516037,1682998591480,False,True
11760488,0.87060000,22.90000000,16516038,16516038,1682998595369,True,True
11760489,0.87210000,229.30000000,16516039,16516039,1682998596794,False,True
11760490,0.87250000,95.00000000,16516040,16516040,1682998596794,False,True
11760491,0.87260000,119.50000000,16516041,16516041,1682998596794,False,True
11760492,0.87130000,13.60000000,16516042,16516042,1682998609232,True,True
11760493,0.87130000,22.90000000,16516043,16516043,1682998618573,True,True
11760494,0.87130000,87.60000000,16516044,16516046,1682998636793,True,True
11760495,0.86960000,22.90000000,16516047,16516047,1682998644808,True,True
11760496,0.87130000,23.00000000,16516048,16516049,1682998652186,False,True
11760497,0.87000000,22.90000000,16516050,16516050,1682998667845,True,True
11760498,0.87130000,23.00000000,16516051,16516051,1682998676601,False,True
11760499,0.86990000,22.90000000,16516052,16516052,1682998693513,True,True
11760500,0.87130000,23.00000000,16516053,16516053,1682998695331,False,True
11760501,0.87130000,23.00000000,16516054,16516055,1682998698603,False,True
11760502,0.86990000,22.90000000,16516056,16516057,1682998718686,True,True
11760503,0.86990000,22.90000000,16516058,16516059,1682998747101,True,True
11760504,0.87200000,12.60000000,16516060,16516060,1682998770248,False,True
11760505,0.87060000,22.90000000,16516061,16516061,1682998772158,True,True
11760506,0.87240000,41.10000000,16516062,16516062,1682998793948,False,True
11760507,0.87090000,22.90000000,16516063,16516063,1682998798477,True,True
11760508,0.87120000,22.90000000,16516064,16516064,1682998827412,True,True
11760509,0.87260000,22.90000000,16516065,16516065,1682998846431,False,True
11760510,0.87120000,22.90000000,16516066,16516066,1682998851910,True,True
11760511,0.87120000,28.80000000,16516067,16516067,1682998865453,True,True
11760512,0.87020000,21.40000000,16516068,16516068,1682998881979,True,True
11760513,0.87010000,1.50000000,16516069,16516069,1682998881979,True,True
11760514,0.87010000,22.90000000,16516070,16516070,1682998911040,True,True
11760515,0.87010000,22.90000000,16516071,16516071,1682998941405,True,True
11760516,0.87010000,22.30000000,16516072,16516072,1682998966290,True,True
11760517,0.87180000,58.80000000,16516073,16516073,1682999068735,False,True
11760518,0.87180000,213.00000000,16516074,16516074,1682999068738,True,True
11760519,0.87060000,22.90000000,16516075,16516075,1682999070747,True,True
11760520,0.87180000,17.30000000,16516076,16516076,1682999119920,False,True
11760521,0.87060000,17.30000000,16516077,16516077,1682999143569,True,True
11760522,0.87060000,24.50000000,16516078,16516078,1682999435042,True,True
11760523,0.87200000,14.40000000,16516079,16516079,1682999464665,False,True
11760524,0.87200000,80.00000000,16516080,16516080,1682999503514,False,True
11760525,0.87080000,95.00000000,16516081,16516081,1682999593204,True,True
11760526,0.87070000,105.10000000,16516082,16516082,1682999593204,True,True
11760527,0.87080000,92.60000000,16516083,16516083,1682999721293,True,True
11760528,0.87060000,15.00000000,16516084,16516084,1682999887934,True,True
11760529,0.87070000,187.60000000,16516085,16516085,1683000224795,True,True
11760530,0.87060000,118.50000000,16516086,16516089,1683000224795,True,True
11760531,0.87070000,39.70000000,16516090,16516090,1683000276398,True,True
11760532,0.87070000,46.30000000,16516091,16516091,1683000287885,True,True
11760533,0.87070000,145.80000000,16516092,16516093,1683000500941,True,True
11760534,0.87060000,368.40000000,16516094,16516094,1683000500941,True,True
11760535,0.87070000,25.40000000,16516095,16516095,1683000500994,True,True
11760536,0.87060000,45.10000000,16516096,16516096,1683000501103,True,True
11760537,0.87060000,994.60000000,16516097,16516097,1683000518955,True,True
11760538,0.87060000,426.20000000,16516098,16516098,1683000534974,True,True
11760539,0.87060000,89.50000000,16516099,16516099,1683000562564,True,True
11760540,0.87060000,18.80000000,16516100,16516100,1683000647880,True,True
11760541,0.87190000,91.70000000,16516101,16516101,1683000824393,False,True
11760542,0.87080000,321.90000000,16516102,16516103,1683000858819,True,True
11760543,0.87190000,229.30000000,16516104,16516104,1683001001795,False,True
11760544,0.87200000,27.30000000,16516105,16516105,1683001001795,False,True
11760545,0.87260000,348.20000000,16516106,16516107,1683001001795,False,True
11760546,0.87270000,400.90000000,16516108,16516109,1683001001795,False,True
11760547,0.87280000,123.90000000,16516110,16516110,1683001001795,False,True
11760548,0.87120000,163.10000000,16516111,16516111,1683001068117,True,True
11760549,0.87130000,229.50000000,16516112,16516112,1683001068204,True,True
11760550,0.87180000,13.70000000,16516113,16516113,1683001080010,True,True
11760551,0.87130000,40.40000000,16516114,16516114,1683001199044,True,True
11760552,0.87120000,1033.00000000,16516115,16516115,1683001199044,True,True
11760553,0.87070000,262.90000000,16516116,16516117,1683001199044,True,True
11760554,0.87060000,287.90000000,16516118,16516118,1683001199044,True,True
11760555,0.87080000,223.50000000,16516119,16516119,1683001289589,True,True
11760556,0.87070000,257.80000000,16516120,16516120,1683001289589,True,True
11760557,0.87070000,196.90000000,16516121,16516121,1683001330152,True,True
11760558,0.87060000,522.40000000,16516122,16516122,1683001354892,True,True
11760559,0.87060000,378.30000000,16516123,16516123,1683001354897,True,True
11760560,0.86990000,378.00000000,16516124,16516124,1683001364447,True,True
11760561,0.87000000,63.50000000,16516125,16516125,1683001428835,False,True
11760562,0.86800000,43.80000000,16516126,16516126,1683001598408,True,True
11760563,0.86950000,95.00000000,16516127,16516127,1683001612162,False,True
11760564,0.86960000,19.90000000,16516128,16516128,1683001612162,False,True
11760565,0.86980000,57.60000000,16516129,16516129,1683001823588,False,True
11760566,0.86800000,79.10000000,16516130,16516131,1683001824476,True,True
11760567,0.86760000,133.60000000,16516132,16516132,1683001824476,True,True
11760568,0.86740000,102.20000000,16516133,16516133,1683001824476,True,True
11760569,0.86760000,93.50000000,16516134,16516134,1683001892592,True,True
11760570,0.86760000,80.70000000,16516135,16516136,1683001960590,True,True
11760571,0.86750000,95.00000000,16516137,16516137,1683001960590,True,True
11760572,0.86740000,29376.80000000,16516138,16516138,1683001960590,True,True
11760573,0.86890000,115.10000000,16516139,16516139,1683001983313,False,True
11760574,0.86740000,24.60000000,16516140,16516140,1683002025558,True,True
11760575,0.86750000,20.90000000,16516141,16516141,1683002045220,True,True
11760576,0.86750000,3.50000000,16516142,16516142,1683002055939,True,True
11760577,0.86740000,89.10000000,16516143,16516143,1683002055939,True,True
11760578,0.86720000,386.70000000,16516144,16516145,1683002100490,True,True
11760579,0.86740000,207.90000000,16516146,16516146,1683002102194,False,True
11760580,0.86850000,15.10000000,16516147,16516147,1683002102194,False,True
11760581,0.86720000,343.50000000,16516148,16516148,1683002202493,True,True
11760582,0.86700000,503.70000000,16516149,16516158,1683002202493,True,True
11760583,0.86690000,646.20000000,16516159,16516159,1683002202493,True,True
11760584,0.86700000,210.30000000,16516160,16516164,1683002612740,True,True
11760585,0.86710000,50.00000000,16516165,16516165,1683002694901,True,True
11760586,0.86700000,65.50000000,16516166,16516167,1683002694901,True,True
11760587,0.86700000,228.00000000,16516168,16516172,1683002694902,True,True
11760588,0.86690000,343.10000000,16516173,16516173,1683002694902,True,True
11760589,0.86690000,32.60000000,16516174,16516174,1683002694902,True,True
11760590,0.86670000,82.80000000,16516175,16516175,1683002694902,True,True
11760591,0.86670000,9.50000000,16516176,16516176,1683002694902,True,True
11760592,0.86650000,11.60000000,16516177,16516177,1683002694902,True,True
11760593,0.86620000,28.90000000,16516178,16516178,1683002694902,True,True
11760594,0.86610000,20.50000000,16516179,16516179,1683002694902,True,True
11760595,0.86600000,44.90000000,16516180,16516180,1683002694902,True,True
11760596,0.86600000,87.20000000,16516181,16516181,1683002694902,True,True
11760597,0.86590000,28.40000000,16516182,16516182,1683002694902,True,True
11760598,0.86590000,31.70000000,16516183,16516183,1683002694902,True,True
11760599,0.86560000,95.30000000,16516184,16516184,1683002694902,True,True
11760600,0.86560000,1.50000000,16516185,16516185,1683002694904,True,True
11760601,0.86550000,114.20000000,16516186,16516186,1683002694904,True,True
11760602,0.86700000,208.80000000,16516187,16516188,1683002699257,False,True
11760603,0.86710000,234.00000000,16516189,16516189,1683002699257,False,True
11760604,0.86720000,230.30000000,16516190,16516191,1683002699257,False,True
11760605,0.86700000,95.00000000,16516192,16516192,1683002699272,False,True
11760606,0.86720000,3.40000000,16516193,16516193,1683002699272,False,True
11760607,0.86740000,113.80000000,16516194,16516194,1683002699272,False,True
11760608,0.86750000,59.10000000,16516195,16516195,1683002699272,False,True
11760609,0.86600000,23.80000000,16516196,16516196,1683002745263,True,True
11760610,0.86730000,56.50000000,16516197,16516197,1683002763512,False,True
11760611,0.86600000,26.20000000,16516198,16516198,1683002862186,True,True
11760612,0.86590000,59.50000000,16516199,16516199,1683002862186,True,True
11760613,0.86580000,95.00000000,16516200,16516200,1683002862186,True,True
11760614,0.86570000,59.50000000,16516201,16516201,1683002862186,True,True
11760615,0.86560000,24.90000000,16516202,16516202,1683002862186,True,True
11760616,0.86730000,11.60000000,16516203,16516204,1683002863387,False,True
11760617,0.86720000,66.90000000,16516205,16516206,1683002874963,False,True
11760618,0.86730000,16.80000000,16516207,16516207,1683002874963,False,True
11760619,0.86660000,12.30000000,16516208,16516208,1683003053567,False,True
11760620,0.86540000,66.90000000,16516209,16516209,1683003156634,True,True
11760621,0.86530000,95.00000000,16516210,16516210,1683003156634,True,True
11760622,0.86500000,180.90000000,16516211,16516213,1683003156634,True,True
11760623,0.86490000,62.30000000,16516214,16516214,1683003156634,True,True
11760624,0.86500000,22.10000000,16516215,16516215,1683003183375,True,True
11760625,0.86620000,14.20000000,16516216,16516216,1683003199119,False,True
11760626,0.86500000,44.80000000,16516217,16516217,1683003223271,True,True
11760627,0.86460000,134.20000000,16516218,16516219,1683003223271,True,True
11760628,0.86450000,360.60000000,16516220,16516220,1683003223271,True,True
11760629,0.86450000,349.60000000,16516221,16516221,1683003223271,True,True
11760630,0.86450000,542.90000000,16516222,16516223,1683003234393,True,True
11760631,0.86440000,48.80000000,16516224,16516226,1683003234393,True,True
11760632,0.86360000,44.00000000,16516227,16516227,1683003234393,True,True
11760633,0.86550000,95.00000000,16516228,16516228,1683003236218,False,True
11760634,0.86560000,8.70000000,16516229,16516229,1683003236218,False,True
11760635,0.86540000,21.80000000,16516230,16516230,1683003238771,False,True
11760636,0.86540000,21.80000000,16516231,16516231,1683003239057,False,True
11760637,0.86370000,162.60000000,16516232,16516233,1683003248286,True,True
11760638,0.86350000,473.10000000,16516234,16516243,1683003248286,True,True
11760639,0.86510000,95.00000000,16516244,16516244,1683003248408,False,True
11760640,0.86520000,38.00000000,16516245,16516245,1683003248408,False,True
11760641,0.86510000,87.00000000,16516246,16516246,1683003248615,False,True
11760642,0.86510000,68.70000000,16516247,16516248,1683003248976,False,True
11760643,0.86520000,9.30000000,16516249,16516249,1683003248976,False,True
11760644,0.86510000,51.00000000,16516250,16516250,1683003249113,False,True
11760645,0.86510000,27.00000000,16516251,16516251,1683003249561,False,True
11760646,0.86510000,40.10000000,16516252,16516253,1683003249804,False,True
11760647,0.86520000,0.90000000,16516254,16516254,1683003249804,False,True
11760648,0.86520000,26.00000000,16516255,16516255,1683003249914,False,True
11760649,0.86520000,22.00000000,16516256,16516256,1683003250099,False,True
11760650,0.86400000,95.00000000,16516257,16516257,1683003253405,True,True
11760651,0.86380000,67.10000000,16516258,16516259,1683003253405,True,True
11760652,0.86360000,120.70000000,16516260,16516260,1683003253405,True,True
11760653,0.86350000,197.00000000,16516261,16516262,1683003253405,True,True
11760654,0.86340000,155.90000000,16516263,16516263,1683003253405,True,True
11760655,0.86520000,21.90000000,16516264,16516264,1683003261243,False,True
11760656,0.86520000,73.00000000,16516265,16516266,1683003269866,False,True
11760657,0.86600000,136.70000000,16516267,16516267,1683003269866,False,True
11760658,0.86640000,63.70000000,16516268,16516268,1683003269866,False,True
11760659,0.86610000,133.10000000,16516269,16516270,1683003269891,False,True
11760660,0.86620000,97.00000000,16516271,16516271,1683003269891,False,True
11760661,0.86500000,67.10000000,16516272,16516272,1683003272520,True,True
11760662,0.86490000,95.00000000,16516273,16516273,1683003272520,True,True
11760663,0.86480000,29.00000000,16516274,16516274,1683003272520,True,True
11760664,0.86470000,38.10000000,16516275,16516275,1683003272520,True,True
11760665,0.86460000,29.00000000,16516276,16516276,1683003272520,True,True
11760666,0.86450000,38.10000000,16516277,16516277,1683003272520,True,True
11760667,0.86440000,29.00000000,16516278,16516278,1683003272520,True,True
11760668,0.86430000,100.00000000,16516279,16516280,1683003272520,True,True
11760669,0.86370000,33.20000000,16516281,16516281,1683003277608,True,True
11760670,0.86360000,58.90000000,16516282,16516282,1683003277608,True,True
11760671,0.86530000,26.60000000,16516283,16516283,1683003281248,False,True
11760672,0.86550000,231.00000000,16516284,16516284,1683003281248,False,True
11760673,0.86560000,67.00000000,16516285,16516285,1683003281248,False,True
11760674,0.86580000,67.00000000,16516286,16516286,1683003281248,False,True
11760675,0.86590000,131.30000000,16516287,16516287,1683003281248,False,True
11760676,0.86600000,83.50000000,16516288,16516289,1683003281248,False,True
11760677,0.86530000,14.00000000,16516290,16516290,1683003319401,True,True
11760678,0.86540000,18.40000000,16516291,16516291,1683003348010,True,True
11760679,0.86660000,30.00000000,16516292,16516292,1683003479797,False,True
11760680,0.86650000,155.80000000,16516293,16516293,1683003610680,False,True
11760681,0.86660000,948.80000000,16516294,16516294,1683003610682,True,True
11760682,0.86650000,12.60000000,16516295,16516295,1683003618781,False,True
11760683,0.86540000,51.90000000,16516296,16516296,1683003638853,True,True
11760684,0.86520000,66.60000000,16516297,16516297,1683003638862,True,True
11760685,0.86510000,60.30000000,16516298,16516298,1683003740223,False,True
11760686,0.86520000,128.60000000,16516299,16516299,1683003740223,False,True
11760687,0.86640000,14.50000000,16516300,16516300,1683003741032,False,True
11760688,0.86640000,14.40000000,16516301,16516301,1683003741048,False,True
11760689,0.86430000,14.30000000,16516302,16516302,1683003742889,True,True
11760690,0.86590000,14.80000000,16516303,16516303,1683003742960,False,True
11760691,0.86440000,14.30000000,16516304,16516304,1683003744037,True,True
11760692,0.86440000,14.70000000,16516305,16516305,1683003751847,True,True
11760693,0.86430000,14.70000000,16516306,16516306,1683003751847,True,True
11760694,0.86420000,27.50000000,16516307,16516307,1683003751847,True,True
11760695,0.86560000,279.50000000,16516308,16516310,1683003769632,False,True
11760696,0.86570000,182.50000000,16516311,16516311,1683003769632,False,True
11760697,0.86520000,43.20000000,16516312,16516312,1683003769657,False,True
11760698,0.86540000,29.00000000,16516313,16516313,1683003769657,False,True
11760699,0.86560000,95.00000000,16516314,16516314,1683003769657,False,True
11760700,0.86580000,62.70000000,16516315,16516315,1683003769657,False,True
11760701,0.86420000,73.00000000,16516316,16516317,1683003769898,True,True
11760702,0.86620000,20.50000000,16516318,16516318,1683003867916,False,True
11760703,0.86620000,56.60000000,16516319,16516319,1683003913177,False,True
11760704,0.86520000,17.30000000,16516320,16516320,1683004047494,True,True
11760705,0.86600000,433.60000000,16516321,16516321,1683004112808,True,True
11760706,0.86600000,115.40000000,16516322,16516322,1683004282426,True,True
11760707,0.86560000,120.60000000,16516323,16516323,1683004282426,True,True
11760708,0.86550000,248.30000000,16516324,16516326,1683004282426,True,True
11760709,0.86550000,442.30000000,16516327,16516327,1683004282435,False,True
11760710,0.86540000,62.30000000,16516328,16516328,1683004282437,True,True
11760711,0.86520000,457.70000000,16516329,16516329,1683004282627,True,True
11760712,0.86510000,115.50000000,16516330,16516330,1683004282627,True,True
11760713,0.86510000,161.90000000,16516331,16516332,1683004287493,False,True
11760714,0.86520000,231.10000000,16516333,16516333,1683004287493,False,True
11760715,0.86530000,69.20000000,16516334,16516335,1683004287493,False,True
11760716,0.86510000,95.00000000,16516336,16516336,1683004287505,False,True
11760717,0.86540000,228.80000000,16516337,16516338,1683004287505,False,True
11760718,0.86530000,74.50000000,16516339,16516339,1683004288590,False,True
11760719,0.86540000,152.20000000,16516340,16516340,1683004288590,False,True
11760720,0.86620000,77.70000000,16516341,16516341,1683004288590,False,True
11760721,0.86510000,95.00000000,16516342,16516342,1683004297327,True,True
11760722,0.86500000,67.10000000,16516343,16516344,1683004297327,True,True
11760723,0.86490000,65.00000000,16516345,16516345,1683004297327,True,True
11760724,0.86480000,120.80000000,16516346,16516346,1683004297327,True,True
11760725,0.86470000,67.10000000,16516347,16516347,1683004297327,True,True
11760726,0.86460000,828.90000000,16516348,16516348,1683004297330,False,True
11760727,0.86420000,17.40000000,16516349,16516349,1683004348206,True,True
11760728,0.86580000,36.30000000,16516350,16516350,1683004349601,False,True
11760729,0.86590000,128.70000000,16516351,16516352,1683004349601,False,True
11760730,0.86600000,67.00000000,16516353,16516353,1683004349601,False,True
11760731,0.86610000,25.40000000,16516354,16516354,1683004349601,False,True
11760732,0.86610000,80.10000000,16516355,16516356,1683004349631,False,True
11760733,0.86480000,67.00000000,16516357,16516357,1683004384500,True,True
11760734,0.86470000,39.80000000,16516358,16516358,1683004384500,True,True
11760735,0.86480000,49.70000000,16516359,16516359,1683004415401,True,True
11760736,0.86480000,17.30000000,16516360,16516360,1683004421078,True,True
11760737,0.86400000,63.10000000,16516361,16516361,1683004516676,True,True
11760738,0.86400000,171.00000000,16516362,16516363,1683004525564,True,True
11760739,0.86400000,79.20000000,16516364,16516364,1683004546804,False,True
11760740,0.86400000,14.40000000,16516365,16516365,1683004551065,False,True
11760741,0.86300000,14.30000000,16516366,16516366,1683004552555,True,True
11760742,0.86400000,16.30000000,16516367,16516367,1683004556284,False,True
11760743,0.86300000,80.70000000,16516368,16516368,1683004558009,True,True
11760744,0.86290000,21.30000000,16516369,16516369,1683004558009,True,True
11760745,0.86400000,67.70000000,16516370,16516371,1683004560866,False,True
11760746,0.86500000,34.10000000,16516372,16516372,1683004560866,False,True
11760747,0.86400000,87.00000000,16516373,16516373,1683004595197,False,True
11760748,0.86480000,142.00000000,16516374,16516374,1683004595197,False,True
11760749,0.86370000,12.10000000,16516375,16516375,1683004716386,True,True
11760750,0.86480000,221.40000000,16516376,16516376,1683004716696,False,True
11760751,0.86560000,38.60000000,16516377,16516377,1683004716696,False,True
11760752,0.86540000,76.90000000,16516378,16516378,1683004768391,False,True
11760753,0.86540000,57.70000000,16516379,16516379,1683004769265,False,True
11760754,0.86360000,150.00000000,16516380,16516380,1683004795367,False,True
11760755,0.86380000,120.80000000,16516381,16516381,1683004798559,False,True
11760756,0.86590000,67.10000000,16516382,16516382,1683004979145,False,True
11760757,0.86630000,48.30000000,16516383,16516383,1683004979145,False,True
11760758,0.86540000,67.00000000,16516384,16516384,1683005080040,True,True
11760759,0.86530000,8.10000000,16516385,16516385,1683005080040,True,True
11760760,0.86680000,66.90000000,16516386,16516386,1683005171231,False,True
11760761,0.86690000,79.00000000,16516387,16516387,1683005171231,False,True
11760762,0.86700000,384.40000000,16516388,16516388,1683005171231,False,True
11760763,0.86700000,234.90000000,16516389,16516389,1683005171234,True,True
11760764,0.86700000,234.90000000,16516390,16516390,1683005171234,True,True
11760765,0.86570000,66.90000000,16516391,16516391,1683005171252,True,True
11760766,0.86560000,20.50000000,16516392,16516392,1683005171252,True,True
11760767,0.86570000,237.50000000,16516393,16516394,1683005275726,True,True
11760768,0.86560000,58.50000000,16516395,16516395,1683005275726,True,True
11760769,0.86550000,66.90000000,16516396,16516397,1683005275726,True,True
11760770,0.86540000,33.40000000,16516398,16516398,1683005275726,True,True
11760771,0.86520000,67.00000000,16516399,16516399,1683005275726,True,True
11760772,0.86510000,873.40000000,16516400,16516401,1683005275726,True,True
11760773,0.86500000,747.50000000,16516402,16516404,1683005275726,True,True
11760774,0.86460000,29.00000000,16516405,16516405,1683005275726,True,True
11760775,0.86450000,40.00000000,16516406,16516406,1683005275726,True,True
11760776,0.86440000,246.30000000,16516407,16516408,1683005275726,True,True
11760777,0.86420000,114.50000000,16516409,16516409,1683005275726,True,True
11760778,0.86400000,115.90000000,16516410,16516410,1683005275726,True,True
11760779,0.86370000,181.70000000,16516411,16516411,1683005275726,True,True
11760780,0.86360000,175.10000000,16516412,16516413,1683005275726,True,True
11760781,0.86320000,122.70000000,16516414,16516414,1683005275726,True,True
11760782,0.86270000,390.60000000,16516415,16516423,1683005275726,True,True
11760783,0.86400000,20.50000000,16516424,16516424,1683005279985,False,True
11760784,0.86400000,93.80000000,16516425,16516425,1683005279991,False,True
11760785,0.86400000,205.20000000,16516426,16516426,1683005292863,False,True
11760786,0.86400000,72.80000000,16516427,16516428,1683005294372,False,True
11760787,0.86400000,52.30000000,16516429,16516429,1683005313442,False,True
11760788,0.86290000,24.90000000,16516430,16516430,1683005384147,True,True
11760789,0.86290000,54.10000000,16516431,16516431,1683005408505,True,True
11760790,0.86290000,822.70000000,16516432,16516432,1683005408517,False,True
11760791,0.86290000,40.10000000,16516433,16516434,1683005408519,False,True
11760792,0.86400000,23.60000000,16516435,16516435,1683005443621,False,True
11760793,0.86280000,56.60000000,16516436,16516436,1683005478368,True,True
11760794,0.86280000,408.70000000,16516437,16516438,1683005478379,True,True
11760795,0.86280000,40.00000000,16516439,16516439,1683005525306,False,True
11760796,0.86220000,102.00000000,16516440,16516440,1683005539984,True,True
11760797,0.86320000,21.70000000,16516441,16516441,1683005578033,False,True
11760798,0.86220000,60.40000000,16516442,16516442,1683005586004,True,True
11760799,0.86210000,142.20000000,16516443,16516443,1683005586004,True,True
11760800,0.86330000,21.70000000,16516444,16516444,1683005630823,False,True
11760801,0.86330000,35.70000000,16516445,16516445,1683005630830,False,True
11760802,0.86210000,24.10000000,16516446,16516446,1683005666904,True,True
11760803,0.86330000,68.00000000,16516447,16516449,1683005673445,False,True
11760804,0.86340000,188.30000000,16516450,16516451,1683005673445,False,True
11760805,0.86360000,188.10000000,16516452,16516453,1683005673445,False,True
11760806,0.86370000,62.90000000,16516454,16516454,1683005673445,False,True
11760807,0.86380000,254.20000000,16516455,16516456,1683005673445,False,True
11760808,0.86410000,66.90000000,16516457,16516457,1683005673445,False,True
11760809,0.86430000,201.80000000,16516458,16516459,1683005673445,False,True
11760810,0.86470000,181.10000000,16516460,16516461,1683005673445,False,True
11760811,0.86480000,523.50000000,16516462,16516463,1683005673445,False,True
11760812,0.86490000,49.90000000,16516464,16516464,1683005673445,False,True
11760813,0.86480000,12.70000000,16516465,16516465,1683005673810,False,True
11760814,0.86500000,1263.20000000,16516466,16516466,1683005680481,False,True
11760815,0.86560000,120.90000000,16516467,16516467,1683005680481,False,True
11760816,0.86590000,336.30000000,16516468,16516468,1683005680481,False,True
11760817,0.86600000,62.10000000,16516469,16516469,1683005680481,False,True
11760818,0.86430000,279.60000000,16516470,16516470,1683005710142,True,True
11760819,0.86420000,71.10000000,16516471,16516471,1683005710148,True,True
11760820,0.86390000,67.20000000,16516472,16516472,1683005741488,True,True
11760821,0.86480000,41.40000000,16516473,16516473,1683005875332,False,True
11760822,0.86490000,15.20000000,16516474,16516474,1683005875332,False,True
11760823,0.86370000,67.20000000,16516475,16516475,1683005925670,True,True
11760824,0.86350000,32.00000000,16516476,16516476,1683005925670,True,True
11760825,0.86350000,35.20000000,16516477,16516477,1683005927143,True,True
11760826,0.86240000,78.20000000,16516478,16516478,1683006090356,True,True
11760827,0.86220000,273.80000000,16516479,16516479,1683006090356,True,True
11760828,0.86210000,232.10000000,16516480,16516480,1683006090356,True,True
11760829,0.86200000,256.80000000,16516481,16516481,1683006090356,True,True
11760830,0.86190000,130.30000000,16516482,16516482,1683006090356,True,True
11760831,0.86160000,121.90000000,16516483,16516483,1683006090356,True,True
11760832,0.86150000,262.90000000,16516484,16516485,1683006090356,True,True
11760833,0.86140000,402.50000000,16516486,16516487,1683006090356,True,True
11760834,0.86130000,386.90000000,16516488,16516488,1683006090356,True,True
11760835,0.86120000,200.50000000,16516489,16516491,1683006090356,True,True
11760836,0.86110000,125.70000000,16516492,16516492,1683006090356,True,True
11760837,0.86100000,174.30000000,16516493,16516493,1683006090356,True,True
11760838,0.86130000,206.50000000,16516494,16516494,1683006090360,False,True
11760839,0.86240000,78.20000000,16516495,16516495,1683006093409,False,True
11760840,0.86250000,196.20000000,16516496,16516496,1683006093409,False,True
11760841,0.86270000,27.90000000,16516497,16516497,1683006093409,False,True
11760842,0.86250000,21.80000000,16516498,16516498,1683006106134,False,True
11760843,0.86250000,76.30000000,16516499,16516499,1683006123340,False,True
11760844,0.86140000,44.40000000,16516500,16516501,1683006186991,True,True
11760845,0.86250000,31.70000000,16516502,16516502,1683006191363,False,True
11760846,0.86280000,184.20000000,16516503,16516504,1683006191363,False,True
11760847,0.86290000,78.20000000,16516505,16516505,1683006191363,False,True
11760848,0.86300000,149.70000000,16516506,16516508,1683006191363,False,True
11760849,0.86410000,233.40000000,16516509,16516509,1683006210478,False,True
11760850,0.86420000,385.60000000,16516510,16516510,1683006210478,False,True
11760851,0.86420000,158.50000000,16516511,16516511,1683006210705,True,True
11760852,0.86420000,101.50000000,16516512,16516512,1683006210711,True,True
11760853,0.86380000,23.00000000,16516513,16516513,1683006238146,True,True
11760854,0.86370000,41.00000000,16516514,16516514,1683006238146,True,True
11760855,0.86330000,13.50000000,16516515,16516515,1683006372502,False,True
11760856,0.86210000,67.10000000,16516516,16516516,1683006441139,True,True
11760857,0.86190000,67.10000000,16516517,16516517,1683006441139,True,True
11760858,0.86170000,14.10000000,16516518,16516518,1683006441139,True,True
11760859,0.86170000,131.20000000,16516519,16516520,1683006466310,True,True
11760860,0.86170000,883.20000000,16516521,16516521,1683006466312,False,True
11760861,0.86170000,116.80000000,16516522,16516522,1683006476637,False,True
11760862,0.86170000,102.30000000,16516523,16516524,1683006483269,True,True
11760863,0.86290000,20.70000000,16516525,16516525,1683006493532,False,True
11760864,0.86290000,289.20000000,16516526,16516527,1683006522470,False,True
11760865,0.86300000,20.70000000,16516528,16516528,1683006618112,False,True
11760866,0.86190000,23.30000000,16516529,16516529,1683006668980,True,True
11760867,0.86210000,16.00000000,16516530,16516530,1683006755615,True,True
11760868,0.86300000,63.50000000,16516531,16516532,1683006759333,False,True
11760869,0.86310000,37.30000000,16516533,16516533,1683006759333,False,True
11760870,0.86360000,126.20000000,16516534,16516534,1683006759333,False,True
11760871,0.86400000,120.10000000,16516535,16516535,1683006759333,False,True
11760872,0.86430000,84.30000000,16516536,16516536,1683006759333,False,True
11760873,0.86440000,45.30000000,16516537,16516537,1683006759333,False,True
11760874,0.86370000,46.00000000,16516538,16516538,1683006893246,False,True
11760875,0.86370000,54.00000000,16516539,16516539,1683006893248,True,True
11760876,0.86220000,231.90000000,16516540,16516540,1683006947932,True,True
11760877,0.86170000,58.00000000,16516541,16516541,1683006947932,True,True
11760878,0.86160000,91.40000000,16516542,16516542,1683006947932,True,True
11760879,0.86170000,70.40000000,16516543,16516543,1683006958642,True,True
