11924586,0.97990000,72.80000000,16723627,16723627,1683244816690,False,True
11924587,0.98070000,99.00000000,16723628,16723628,1683244851185,False,True
11924588,0.98080000,155.90000000,16723629,16723629,1683244851185,False,True
11924589,0.98110000,50.90000000,16723630,16723630,1683244853498,False,True
11924590,0.98100000,307.30000000,16723631,16723632,1683244907956,False,True
11924591,0.98110000,108.60000000,16723633,16723633,1683244907956,False,True
11924592,0.98110000,249.70000000,16723634,16723635,1683244907961,False,True
11924593,0.98030000,157.80000000,16723636,16723637,1683244913666,True,True
11924594,0.98010000,370.30000000,16723638,16723638,1683244913666,True,True
11924595,0.98100000,283.60000000,16723639,16723639,1683244970165,True,True
11924596,0.98220000,404.40000000,16723640,16723641,1683245037690,False,True
11924597,0.98250000,112.40000000,16723642,16723642,1683245037690,False,True
11924598,0.98200000,28.70000000,16723643,16723643,1683245083743,False,True
11924599,0.98230000,28.60000000,16723644,16723644,1683245083743,False,True
11924600,0.98240000,29.50000000,16723645,16723645,1683245112171,False,True
11924601,0.98230000,203.60000000,16723646,16723647,1683245145129,True,True
11924602,0.98250000,10.20000000,16723648,16723648,1683245175478,False,True
11924603,0.98250000,193.00000000,16723649,16723649,1683245175481,False,True
11924604,0.98250000,12.60000000,16723650,16723650,1683245175485,False,True
11924605,0.98270000,100.50000000,16723651,16723651,1683245175485,False,True
11924606,0.98270000,76.00000000,16723652,16723652,1683245175488,False,True
11924607,0.98270000,134.40000000,16723653,16723653,1683245175492,False,True
11924608,0.98270000,27.20000000,16723654,16723654,1683245226342,False,True
11924609,0.98320000,203.40000000,16723655,16723655,1683245226342,False,True
11924610,0.98330000,559.20000000,16723656,16723657,1683245226342,False,True
11924611,0.98380000,122.90000000,16723658,16723658,1683245226347,False,True
11924612,0.98400000,124.90000000,16723659,16723659,1683245226349,False,True
11924613,0.98410000,344.00000000,16723660,16723660,1683245226349,False,True
11924614,0.98420000,118.30000000,16723661,16723661,1683245226349,False,True
11924615,0.98360000,98.40000000,16723662,16723662,1683245294617,True,True
11924616,0.98360000,98.50000000,16723663,16723664,1683245317318,True,True
11924617,0.98460000,74.00000000,16723665,16723665,1683245353151,False,True
11924618,0.98480000,29.50000000,16723666,16723666,1683245411367,False,True
11924619,0.98400000,310.20000000,16723667,16723668,1683245464913,True,True
11924620,0.98490000,12.20000000,16723669,16723669,1683245466369,False,True
11924621,0.98480000,328.30000000,16723670,16723670,1683245481314,False,True
11924622,0.98490000,86.80000000,16723671,16723671,1683245481314,False,True
11924623,0.98500000,92.60000000,16723672,16723672,1683245481314,False,True
11924624,0.98360000,899.90000000,16723673,16723673,1683245546958,True,True
11924625,0.98360000,1510.60000000,16723674,16723676,1683245637691,True,True
11924626,0.98360000,173.70000000,16723677,16723677,1683245637698,True,True
11924627,0.98340000,120.50000000,16723678,16723678,1683245637705,True,True
11924628,0.98320000,507.10000000,16723679,16723681,1683245637708,True,True
11924629,0.98320000,121.60000000,16723682,16723682,1683245637711,True,True
11924630,0.98250000,18.90000000,16723683,16723683,1683245664404,False,True
11924631,0.98080000,99.00000000,16723684,16723684,1683245748857,True,True
11924632,0.98080000,184.60000000,16723685,16723685,1683245748892,False,True
11924633,0.98080000,62.90000000,16723686,16723686,1683245767655,True,True
11924634,0.98050000,267.50000000,16723687,16723688,1683245825100,True,True
11924635,0.98040000,305.90000000,16723689,16723689,1683245825196,True,True
11924636,0.98000000,176.30000000,16723690,16723690,1683245825775,True,True
11924637,0.98000000,176.20000000,16723691,16723692,1683245825776,True,True
11924638,0.97960000,158.00000000,16723693,16723694,1683245893073,True,True
11924639,0.97950000,59.00000000,16723695,16723695,1683245931990,True,True
11924640,0.97940000,205.20000000,16723696,16723696,1683245931990,True,True
11924641,0.97940000,59.00000000,16723697,16723697,1683245973642,True,True
11924642,0.97930000,29.60000000,16723698,16723698,1683245973642,True,True
11924643,0.97920000,235.30000000,16723699,16723699,1683245973642,True,True
11924644,0.97930000,246.40000000,16723700,16723700,1683246003275,False,True
11924645,0.97930000,67.90000000,16723701,16723701,1683246003358,False,True
11924646,0.97940000,401.40000000,16723702,16723702,1683246003358,False,True
11924647,0.97950000,136.50000000,16723703,16723704,1683246020895,True,True
11924648,0.98060000,226.70000000,16723705,16723705,1683246096541,False,True
11924649,0.98110000,105.20000000,16723706,16723706,1683246109258,False,True
11924650,0.98180000,334.30000000,16723707,16723707,1683246109258,False,True
11924651,0.98250000,127.30000000,16723708,16723708,1683246109258,False,True
11924652,0.98300000,25.50000000,16723709,16723709,1683246109258,False,True
11924653,0.98010000,11.20000000,16723710,16723710,1683246155023,False,True
11924654,0.97990000,73.80000000,16723711,16723711,1683246157078,True,True
11924655,0.98020000,338.60000000,16723712,16723712,1683246230191,True,True
11924656,0.98010000,120.20000000,16723713,16723714,1683246230191,True,True
11924657,0.98000000,116.60000000,16723715,16723715,1683246230191,True,True
11924658,0.97970000,20.30000000,16723716,16723716,1683246285881,True,True
11924659,0.97940000,499.30000000,16723717,16723717,1683246285884,False,True
11924660,0.97930000,29.60000000,16723718,16723718,1683246312667,False,True
11924661,0.97840000,96.70000000,16723719,16723719,1683246451861,True,True
11924662,0.97840000,18.10000000,16723720,16723720,1683246474366,True,True
11924663,0.97920000,26.30000000,16723721,16723721,1683246544763,False,True
11924664,0.97920000,25.60000000,16723722,16723722,1683246544772,False,True
11924665,0.97860000,49.10000000,16723723,16723723,1683246553537,True,True
11924666,0.97850000,110.40000000,16723724,16723725,1683246603539,True,True
11924667,0.97920000,17.80000000,16723726,16723726,1683246605763,False,True
11924668,0.97920000,29.70000000,16723727,16723727,1683246609518,False,True
11924669,0.97850000,24.20000000,16723728,16723728,1683246638324,True,True
11924670,0.97820000,255.50000000,16723729,16723729,1683246712576,True,True
11924671,0.97810000,206.90000000,16723730,16723730,1683246712576,True,True
11924672,0.97800000,200.00000000,16723731,16723731,1683246712580,True,True
11924673,0.97750000,33.70000000,16723732,16723732,1683246715847,True,True
11924674,0.97740000,215.40000000,16723733,16723733,1683246715847,True,True
11924675,0.97730000,341.00000000,16723734,16723734,1683246715847,True,True
11924676,0.97700000,515.00000000,16723735,16723736,1683246715847,True,True
11924677,0.97690000,614.00000000,16723737,16723738,1683246715847,True,True
11924678,0.97640000,1537.80000000,16723739,16723749,1683246715847,True,True
11924679,0.97680000,21.80000000,16723750,16723750,1683246719784,False,True
11924680,0.97680000,186.00000000,16723751,16723751,1683246720272,False,True
11924681,0.97690000,377.70000000,16723752,16723753,1683246720272,False,True
11924682,0.97770000,21.20000000,16723754,16723754,1683246720272,False,True
11924683,0.97760000,21.30000000,16723755,16723755,1683246720685,False,True
11924684,0.97650000,131.40000000,16723756,16723757,1683246727031,True,True
11924685,0.97640000,180.90000000,16723758,16723759,1683246727031,True,True
11924686,0.97630000,200.00000000,16723760,16723760,1683246727031,True,True
11924687,0.97700000,28.80000000,16723761,16723761,1683246739492,False,True
11924688,0.97640000,134.20000000,16723762,16723762,1683246745081,True,True
11924689,0.97650000,12.00000000,16723763,16723763,1683246762987,False,True
11924690,0.97650000,12.10000000,16723764,16723764,1683246770183,False,True
11924691,0.97600000,20.50000000,16723765,16723765,1683246788505,True,True
11924692,0.97550000,102.50000000,16723766,16723766,1683246788505,True,True
11924693,0.97540000,73.70000000,16723767,16723767,1683246788505,True,True
11924694,0.97570000,32.50000000,16723768,16723768,1683246790708,False,True
11924695,0.97570000,32.50000000,16723769,16723769,1683246790732,False,True
11924696,0.97580000,109.00000000,16723770,16723770,1683246793757,False,True
11924697,0.97730000,218.10000000,16723771,16723771,1683246795205,False,True
11924698,0.97680000,33.20000000,16723772,16723772,1683246826912,False,True
11924699,0.97560000,28.00000000,16723773,16723773,1683246833076,True,True
11924700,0.97550000,256.20000000,16723774,16723774,1683246833076,True,True
11924701,0.97550000,459.20000000,16723775,16723775,1683246833078,False,True
11924702,0.97680000,89.80000000,16723776,16723776,1683246837524,False,True
11924703,0.97690000,99.00000000,16723777,16723777,1683246837524,False,True
11924704,0.97700000,124.90000000,16723778,16723778,1683246837524,False,True
11924705,0.97710000,145.50000000,16723779,16723779,1683246837524,False,True
11924706,0.97630000,214.40000000,16723780,16723781,1683246853535,True,True
11924707,0.97620000,30.40000000,16723782,16723783,1683246853535,True,True
11924708,0.97590000,41.00000000,16723784,16723784,1683246853535,True,True
11924709,0.97580000,33.20000000,16723785,16723785,1683246853535,True,True
11924710,0.97790000,21.50000000,16723786,16723786,1683246899129,False,True
11924711,0.97800000,21.80000000,16723787,16723787,1683246900720,False,True
11924712,0.97800000,29.70000000,16723788,16723788,1683246914009,False,True
11924713,0.97810000,21.20000000,16723789,16723789,1683246954036,False,True
11924714,0.97680000,20.80000000,16723790,16723790,1683246966313,True,True
11924715,0.97670000,4.70000000,16723791,16723791,1683246966313,True,True
11924716,0.97670000,127.50000000,16723792,16723793,1683247006060,True,True
11924717,0.97670000,443.80000000,16723794,16723794,1683247011578,True,True
11924718,0.97660000,1341.90000000,16723795,16723804,1683247011578,True,True
11924719,0.97640000,210.50000000,16723805,16723805,1683247011578,True,True
11924720,0.97630000,44.70000000,16723806,16723806,1683247011578,True,True
11924721,0.97640000,21.20000000,16723807,16723807,1683247039222,True,True
11924722,0.97640000,84.00000000,16723808,16723809,1683247041153,True,True
11924723,0.97630000,26.50000000,16723810,16723810,1683247041153,True,True
11924724,0.97630000,1529.80000000,16723811,16723811,1683247041155,False,True
11924725,0.97630000,158.20000000,16723812,16723812,1683247041157,False,True
11924726,0.97640000,131.10000000,16723813,16723813,1683247046633,False,True
11924727,0.97640000,131.10000000,16723814,16723814,1683247046700,False,True
11924728,0.97640000,167.10000000,16723815,16723815,1683247046724,False,True
11924729,0.97640000,1170.70000000,16723816,16723816,1683247046834,False,True
11924730,0.97640000,138.20000000,16723817,16723817,1683247046838,False,True
11924731,0.97640000,132.70000000,16723818,16723819,1683247047592,True,True
11924732,0.97790000,24.30000000,16723820,16723820,1683247076294,False,True
11924733,0.97740000,99.00000000,16723821,16723821,1683247145584,False,True
11924734,0.97750000,2.20000000,16723822,16723822,1683247145584,False,True
11924735,0.97750000,10.50000000,16723823,16723823,1683247150826,False,True
11924736,0.97640000,20.80000000,16723824,16723824,1683247154925,True,True
11924737,0.97630000,913.60000000,16723825,16723825,1683247155938,False,True
11924738,0.97630000,256.10000000,16723826,16723826,1683247158244,False,True
11924739,0.97600000,14.80000000,16723827,16723827,1683247177221,True,True
11924740,0.97600000,196.10000000,16723828,16723829,1683247181085,True,True
11924741,0.97540000,1343.60000000,16723830,16723839,1683247181085,True,True
11924742,0.97530000,7907.90000000,16723840,16723840,1683247181085,True,True
11924743,0.97510000,124.70000000,16723841,16723841,1683247181085,True,True
11924744,0.97500000,1106.70000000,16723842,16723845,1683247181085,True,True
11924745,0.97500000,888.40000000,16723846,16723846,1683247181087,False,True
11924746,0.97500000,199.10000000,16723847,16723848,1683247181090,False,True
11924747,0.97500000,119.60000000,16723849,16723849,1683247181090,False,True
11924748,0.97490000,99.00000000,16723850,16723850,1683247181103,True,True
11924749,0.97480000,341.90000000,16723851,16723851,1683247181109,True,True
11924750,0.97610000,495.70000000,16723852,16723854,1683247181729,False,True
11924751,0.97610000,192.60000000,16723855,16723855,1683247184705,False,True
11924752,0.97620000,29.70000000,16723856,16723856,1683247211839,False,True
11924753,0.97620000,13.80000000,16723857,16723857,1683247213745,False,True
11924754,0.97540000,101.10000000,16723858,16723858,1683247221894,True,True
11924755,0.97540000,777.40000000,16723859,16723865,1683247223234,True,True
11924756,0.97610000,16.30000000,16723866,16723866,1683247254098,False,True
11924757,0.97610000,22.80000000,16723867,16723867,1683247254273,False,True
11924758,0.97490000,99.00000000,16723868,16723868,1683247311452,True,True
11924759,0.97470000,307.70000000,16723869,16723869,1683247311452,True,True
11924760,0.97430000,435.70000000,16723870,16723871,1683247311452,True,True
11924761,0.97410000,88.30000000,16723872,16723872,1683247311452,True,True
11924762,0.97560000,11.20000000,16723873,16723873,1683247342339,False,True
11924763,0.97560000,28.30000000,16723874,16723874,1683247342835,False,True
11924764,0.97560000,33.70000000,16723875,16723875,1683247343211,False,True
11924765,0.97430000,10.80000000,16723876,16723876,1683247344054,True,True
11924766,0.97550000,144.70000000,16723877,16723878,1683247363519,False,True
11924767,0.97560000,205.00000000,16723879,16723879,1683247363519,False,True
11924768,0.97590000,79.50000000,16723880,16723880,1683247363519,False,True
11924769,0.97620000,36.60000000,16723881,16723881,1683247363519,False,True
11924770,0.97620000,13.20000000,16723882,16723882,1683247373628,False,True
11924771,0.97620000,14.50000000,16723883,16723883,1683247373653,False,True
11924772,0.97620000,12.10000000,16723884,16723884,1683247373659,False,True
11924773,0.97630000,17.20000000,16723885,16723885,1683247375078,False,True
11924774,0.97690000,18.40000000,16723886,16723886,1683247406742,False,True
11924775,0.97540000,99.00000000,16723887,16723887,1683247423518,True,True
11924776,0.97450000,25.60000000,16723888,16723888,1683247423535,True,True
11924777,0.97450000,54.10000000,16723889,16723890,1683247423537,True,True
11924778,0.97550000,20.50000000,16723891,16723891,1683247427390,False,True
11924779,0.97420000,205.20000000,16723892,16723892,1683247427437,True,True
11924780,0.97410000,4405.40000000,16723893,16723894,1683247441566,True,True
11924781,0.97400000,1345.90000000,16723895,16723904,1683247441566,True,True
11924782,0.97330000,283.40000000,16723905,16723905,1683247441571,True,True
11924783,0.97320000,128.10000000,16723906,16723907,1683247441571,True,True
11924784,0.97400000,26.40000000,16723908,16723908,1683247441574,False,True
11924785,0.97320000,692.50000000,16723909,16723911,1683247441578,True,True
11924786,0.97320000,98.90000000,16723912,16723912,1683247441645,True,True
11924787,0.97290000,157.30000000,16723913,16723913,1683247441645,True,True
11924788,0.97300000,146.80000000,16723914,16723914,1683247441747,True,True
11924789,0.97380000,26.60000000,16723915,16723915,1683247442425,False,True
11924790,0.97290000,49.30000000,16723916,16723916,1683247443562,True,True
11924791,0.97290000,97.50000000,16723917,16723917,1683247443650,True,True
11924792,0.97330000,134.70000000,16723918,16723918,1683247443847,True,True
11924793,0.97330000,134.70000000,16723919,16723919,1683247443850,True,True
11924794,0.97330000,134.70000000,16723920,16723920,1683247443850,True,True
11924795,0.97330000,134.70000000,16723921,16723921,1683247443850,True,True
11924796,0.97330000,134.70000000,16723922,16723922,1683247443850,True,True
11924797,0.97330000,134.70000000,16723923,16723923,1683247443850,True,True
11924798,0.97330000,134.70000000,16723924,16723924,1683247443850,True,True
11924799,0.97330000,134.70000000,16723925,16723925,1683247443850,True,True
11924800,0.97330000,134.70000000,16723926,16723926,1683247443851,True,True
11924801,0.97330000,134.50000000,16723927,16723927,1683247443869,True,True
11924802,0.97260000,257.10000000,16723928,16723928,1683247443948,True,True
11924803,0.97380000,161.10000000,16723929,16723931,1683247444196,False,True
11924804,0.97390000,413.90000000,16723932,16723933,1683247444196,False,True
11924805,0.97400000,40.50000000,16723934,16723934,1683247444196,False,True
11924806,0.97250000,99.00000000,16723935,16723935,1683247448372,True,True
11924807,0.97380000,14.80000000,16723936,16723936,1683247450205,False,True
11924808,0.97390000,526.30000000,16723937,16723938,1683247450205,False,True
11924809,0.97370000,51.30000000,16723939,16723940,1683247459632,False,True
11924810,0.97370000,12.30000000,16723941,16723941,1683247481481,False,True
11924811,0.97260000,13.70000000,16723942,16723942,1683247481998,True,True
11924812,0.97260000,36.30000000,16723943,16723943,1683247482006,True,True
11924813,0.97370000,22.10000000,16723944,16723945,1683247482982,False,True
11924814,0.97390000,47.40000000,16723946,16723946,1683247482982,False,True
11924815,0.97390000,61.20000000,16723947,16723947,1683247484557,False,True
11924816,0.97340000,246.70000000,16723948,16723950,1683247489534,True,True
11924817,0.97330000,76.70000000,16723951,16723951,1683247489534,True,True
11924818,0.97320000,322.70000000,16723952,16723952,1683247489534,True,True
11924819,0.97300000,76.70000000,16723953,16723953,1683247489534,True,True
11924820,0.97300000,499.30000000,16723954,16723954,1683247489538,False,True
11924821,0.97290000,131.60000000,16723955,16723955,1683247489540,False,True
11924822,0.97300000,691.60000000,16723956,16723956,1683247490439,False,True
11924823,0.97260000,109.00000000,16723957,16723958,1683247493866,True,True
11924824,0.97250000,57.00000000,16723959,16723959,1683247493866,True,True
11924825,0.97240000,205.60000000,16723960,16723960,1683247493866,True,True
11924826,0.97230000,1939.80000000,16723961,16723972,1683247493866,True,True
11924827,0.97220000,2017.60000000,16723973,16723974,1683247493866,True,True
11924828,0.97200000,747.70000000,16723975,16723976,1683247493866,True,True
11924829,0.97160000,758.50000000,16723977,16723979,1683247493866,True,True
11924830,0.97130000,3997.20000000,16723980,16723982,1683247493866,True,True
11924831,0.97120000,323.20000000,16723983,16723983,1683247493866,True,True
11924832,0.97100000,154.40000000,16723984,16723985,1683247493866,True,True
11924833,0.97080000,324.80000000,16723986,16723986,1683247493866,True,True
11924834,0.97070000,12.00000000,16723987,16723987,1683247493866,True,True
11924835,0.97010000,335.70000000,16723988,16723989,1683247493866,True,True
11924836,0.97000000,456.70000000,16723990,16723994,1683247493866,True,True
11924837,0.97000000,104.20000000,16723995,16723995,1683247493870,False,True
11924838,0.97000000,104.20000000,16723996,16723996,1683247493870,False,True
11924839,0.97000000,104.20000000,16723997,16723997,1683247493870,False,True
11924840,0.97000000,2607.90000000,16723998,16723998,1683247493870,False,True
11924841,0.97000000,104.20000000,16723999,16723999,1683247493870,False,True
11924842,0.97000000,104.20000000,16724000,16724000,1683247493870,False,True
11924843,0.97000000,104.20000000,16724001,16724001,1683247493870,False,True
11924844,0.97000000,104.20000000,16724002,16724002,1683247493870,False,True
11924845,0.97000000,104.20000000,16724003,16724003,1683247493870,False,True
11924846,0.97000000,104.20000000,16724004,16724004,1683247493870,False,True
11924847,0.97000000,104.20000000,16724005,16724005,1683247493870,False,True
11924848,0.97000000,104.20000000,16724006,16724006,1683247493870,False,True
11924849,0.97000000,104.20000000,16724007,16724007,1683247493870,False,True
11924850,0.97000000,104.20000000,16724008,16724008,1683247493870,False,True
11924851,0.97000000,104.20000000,16724009,16724009,1683247493871,False,True
11924852,0.97000000,104.20000000,16724010,16724010,1683247493871,False,True
11924853,0.97000000,104.20000000,16724011,16724011,1683247493871,False,True
11924854,0.97000000,104.20000000,16724012,16724012,1683247493871,False,True
11924855,0.97000000,104.20000000,16724013,16724013,1683247493871,False,True
11924856,0.97000000,104.20000000,16724014,16724014,1683247493871,False,True
11924857,0.97000000,3579.10000000,16724015,16724015,1683247493871,False,True
11924858,0.97000000,104.20000000,16724016,16724016,1683247493871,False,True
11924859,0.97000000,104.20000000,16724017,16724017,1683247493871,False,True
11924860,0.97000000,104.20000000,16724018,16724018,1683247493871,False,True
11924861,0.97000000,104.20000000,16724019,16724019,1683247493871,False,True
11924862,0.97000000,104.20000000,16724020,16724020,1683247493871,False,True
11924863,0.97000000,104.20000000,16724021,16724021,1683247493871,False,True
11924864,0.97000000,205.50000000,16724022,16724022,1683247493871,False,True
11924865,0.96980000,1106.70000000,16724023,16724025,1683247493874,True,True
11924866,0.96970000,859.10000000,16724026,16724028,1683247493874,True,True
11924867,0.97000000,328.80000000,16724029,16724029,1683247493875,False,True
11924868,0.97000000,334.50000000,16724030,16724030,1683247493876,False,True
11924869,0.97000000,568.50000000,16724031,16724031,1683247493876,False,True
11924870,0.97000000,334.50000000,16724032,16724032,1683247493877,False,True
11924871,0.97000000,568.50000000,16724033,16724033,1683247493877,False,True
11924872,0.97000000,334.50000000,16724034,16724034,1683247493877,False,True
11924873,0.97000000,334.50000000,16724035,16724035,1683247493877,False,True
11924874,0.97000000,326.60000000,16724036,16724038,1683247493877,False,True
11924875,0.96960000,118.10000000,16724039,16724039,1683247493877,True,True
11924876,0.96980000,109.80000000,16724040,16724040,1683247493881,True,True
11924877,0.96980000,25.10000000,16724041,16724041,1683247493881,True,True
11924878,0.96990000,335.60000000,16724042,16724042,1683247493887,False,True
11924879,0.97000000,59.00000000,16724043,16724043,1683247493911,False,True
11924880,0.97100000,73.20000000,16724044,16724044,1683247493911,False,True
11924881,0.97110000,205.90000000,16724045,16724045,1683247493911,False,True
11924882,0.97120000,155.90000000,16724046,16724047,1683247493911,False,True
11924883,0.97130000,314.40000000,16724048,16724048,1683247493911,False,True
11924884,0.97180000,27.20000000,16724049,16724049,1683247493920,False,True
11924885,0.97240000,192.80000000,16724050,16724050,1683247493928,True,True
11924886,0.97240000,115.70000000,16724051,16724051,1683247493928,True,True
11924887,0.97250000,22.90000000,16724052,16724052,1683247494320,False,True
11924888,0.97190000,22.30000000,16724053,16724053,1683247497306,False,True
11924889,0.97010000,63.80000000,16724054,16724054,1683247509694,True,True
11924890,0.97120000,29.90000000,16724055,16724055,1683247510630,False,True
11924891,0.97120000,15.40000000,16724056,16724056,1683247512568,False,True
11924892,0.97120000,20.10000000,16724057,16724057,1683247514968,False,True
11924893,0.97000000,13.80000000,16724058,16724058,1683247518040,True,True
11924894,0.97170000,51.40000000,16724059,16724059,1683247525063,False,True
11924895,0.97110000,20.20000000,16724060,16724060,1683247527035,False,True
11924896,0.97000000,410.50000000,16724061,16724063,1683247533766,True,True
11924897,0.97000000,12.80000000,16724064,16724064,1683247535693,False,True
11924898,0.96960000,257.80000000,16724065,16724065,1683247543439,True,True
11924899,0.96950000,258.50000000,16724066,16724066,1683247543439,True,True
11924900,0.96950000,371.10000000,16724067,16724067,1683247543444,True,True
11924901,0.96940000,309.40000000,16724068,16724068,1683247543453,True,True
11924902,0.96920000,128.20000000,16724069,16724070,1683247544467,True,True
11924903,0.96970000,206.20000000,16724071,16724071,1683247544943,False,True
11924904,0.96980000,51.50000000,16724072,16724072,1683247544943,False,True
11924905,0.96920000,26.30000000,16724073,16724073,1683247555636,True,True
11924906,0.96910000,23.90000000,16724074,16724074,1683247555636,True,True
11924907,0.96900000,44.90000000,16724075,16724076,1683247555636,True,True
11924908,0.96870000,513.80000000,16724077,16724079,1683247555636,True,True
11924909,0.96870000,0.20000000,16724080,16724080,1683247555636,True,True
11924910,0.96900000,12.00000000,16724081,16724081,1683247560004,False,True
11924911,0.96920000,8.30000000,16724082,16724082,1683247560004,False,True
11924912,0.96920000,14.80000000,16724083,16724083,1683247563240,False,True
11924913,0.96940000,25.30000000,16724084,16724085,1683247572574,True,True
11924914,0.96930000,83.60000000,16724086,16724086,1683247572574,True,True
11924915,0.96870000,150.60000000,16724087,16724088,1683247572574,True,True
11924916,0.96860000,51.60000000,16724089,16724089,1683247572574,True,True
11924917,0.96840000,664.60000000,16724090,16724094,1683247572574,True,True
11924918,0.96940000,174.60000000,16724095,16724096,1683247574786,False,True
11924919,0.96940000,130.50000000,16724097,16724098,1683247577181,False,True
11924920,0.96960000,107.90000000,16724099,16724100,1683247577181,False,True
11924921,0.96960000,79.10000000,16724101,16724102,1683247577227,False,True
11924922,0.96980000,113.90000000,16724103,16724103,1683247577227,False,True
11924923,0.97080000,10.80000000,16724104,16724104,1683247593534,False,True
11924924,0.97080000,23.20000000,16724105,16724105,1683247602738,False,True
11924925,0.97070000,48.20000000,16724106,16724106,1683247604620,False,True
11924926,0.96880000,61.70000000,16724107,16724108,1683247701897,True,True
11924927,0.96870000,206.40000000,16724109,16724109,1683247701897,True,True
11924928,0.96840000,310.70000000,16724110,16724110,1683247701897,True,True
11924929,0.96830000,499.30000000,16724111,16724111,1683247701897,True,True
11924930,0.96820000,84.90000000,16724112,16724113,1683247701897,True,True
11924931,0.96980000,22.80000000,16724114,16724114,1683247707271,False,True
11924932,0.97000000,158.20000000,16724115,16724116,1683247756231,False,True
11924933,0.97010000,80.00000000,16724117,16724117,1683247756231,False,True
11924934,0.97030000,174.50000000,16724118,16724120,1683247757412,False,True
11924935,0.96970000,18.00000000,16724121,16724121,1683247768583,False,True
11924936,0.96970000,59.00000000,16724122,16724122,1683247768629,False,True
11924937,0.97050000,22.80000000,16724123,16724123,1683247783933,False,True
11924938,0.97050000,110.70000000,16724124,16724124,1683247788384,False,True
11924939,0.97050000,29.90000000,16724125,16724125,1683247812268,False,True
11924940,0.97050000,288.20000000,16724126,16724126,1683247878968,False,True
11924941,0.97050000,957.00000000,16724127,16724129,1683247878975,False,True
11924942,0.97060000,207.90000000,16724130,16724130,1683247878980,False,True
11924943,0.97070000,327.70000000,16724131,16724131,1683247878989,False,True
11924944,0.97150000,133.90000000,16724132,16724132,1683247884039,False,True
11924945,0.97150000,23.70000000,16724133,16724133,1683247978184,False,True
11924946,0.97150000,185.40000000,16724134,16724134,1683248000271,False,True
11924947,0.97200000,74.20000000,16724135,16724135,1683248000271,False,True
11924948,0.97100000,17.60000000,16724136,16724136,1683248065412,True,True
11924949,0.97100000,56.00000000,16724137,16724138,1683248081427,True,True
11924950,0.97210000,29.90000000,16724139,16724139,1683248114480,False,True
11924951,0.97110000,50.00000000,16724140,16724140,1683248122003,True,True
11924952,0.97100000,283.00000000,16724141,16724142,1683248122003,True,True
11924953,0.97090000,9.50000000,16724143,16724143,1683248122003,True,True
11924954,0.97020000,50.00000000,16724144,16724144,1683248174299,True,True
11924955,0.97010000,99.00000000,16724145,16724145,1683248174299,True,True
11924956,0.97000000,76.20000000,16724146,16724146,1683248174299,True,True
11924957,0.96990000,76.20000000,16724147,16724147,1683248174299,True,True
11924958,0.96980000,119.90000000,16724148,16724148,1683248174299,True,True
11924959,0.96960000,115.40000000,16724149,16724149,1683248174299,True,True
11924960,0.96950000,48.80000000,16724150,16724150,1683248174299,True,True
11924961,0.96950000,460.00000000,16724151,16724151,1683248201813,False,True
11924962,0.97050000,30.50000000,16724152,16724152,1683248231316,False,True
11924963,0.97060000,144.10000000,16724153,16724154,1683248231316,False,True
11924964,0.97060000,15.20000000,16724155,16724155,1683248236749,False,True
11924965,0.97070000,56.60000000,16724156,16724156,1683248236749,False,True
11924966,0.97080000,95.50000000,16724157,16724157,1683248236749,False,True
11924967,0.97090000,71.00000000,16724158,16724158,1683248236749,False,True
11924968,0.96940000,20.60000000,16724159,16724159,1683248249770,True,True
11924969,0.97090000,20.60000000,16724160,16724160,1683248252781,False,True
11924970,0.97090000,74.90000000,16724161,16724161,1683248393847,False,True
11924971,0.97090000,95.50000000,16724162,16724162,1683248393872,False,True
11924972,0.97110000,208.80000000,16724163,16724163,1683248401250,False,True
11924973,0.97110000,205.90000000,16724164,16724164,1683248401291,False,True
11924974,0.97110000,425.90000000,16724165,16724166,1683248401473,False,True
11924975,0.97200000,29.90000000,16724167,16724167,1683248413534,False,True
11924976,0.97200000,124.80000000,16724168,16724168,1683248438456,True,True
11924977,0.97290000,174.10000000,16724169,16724169,1683248477723,False,True
11924978,0.97210000,237.70000000,16724170,16724170,1683248477972,False,True
11924979,0.97210000,70.90000000,16724171,16724171,1683248478049,False,True
11924980,0.97300000,71.30000000,16724172,16724172,1683248530655,False,True
11924981,0.97220000,52.60000000,16724173,16724173,1683248535109,True,True
11924982,0.97210000,313.40000000,16724174,16724175,1683248535109,True,True
11924983,0.97300000,197.40000000,16724176,16724177,1683248535543,False,True
11924984,0.97330000,40.30000000,16724178,16724178,1683248535543,False,True
11924985,0.97340000,174.10000000,16724179,16724179,1683248537834,False,True
11924986,0.97340000,117.20000000,16724180,16724180,1683248560675,False,True
11924987,0.97330000,325.40000000,16724181,16724182,1683248564620,False,True
11924988,0.97340000,622.50000000,16724183,16724183,1683248564620,False,True
11924989,0.97230000,95.50000000,16724184,16724184,1683248579717,True,True
11924990,0.97220000,134.90000000,16724185,16724185,1683248579717,True,True
11924991,0.97200000,205.50000000,16724186,16724186,1683248579717,True,True
11924992,0.97300000,95.50000000,16724187,16724187,1683248590142,False,True
11924993,0.97310000,142.20000000,16724188,16724188,1683248590142,False,True
11924994,0.97300000,95.50000000,16724189,16724189,1683248596013,False,True
11924995,0.97330000,78.60000000,16724190,16724190,1683248596013,False,True
11924996,0.97300000,95.50000000,16724191,16724191,1683248618410,False,True
11924997,0.97310000,47.40000000,16724192,16724192,1683248618410,False,True
11924998,0.97200000,0.20000000,16724193,16724193,1683248635643,True,True
11924999,0.97160000,95.50000000,16724194,16724194,1683248642307,True,True
11925000,0.97150000,336.20000000,16724195,16724196,1683248642307,True,True
11925001,0.97100000,209.30000000,16724197,16724197,1683248642307,True,True
11925002,0.97080000,210.40000000,16724198,16724198,1683248642307,True,True
11925003,0.97050000,64.60000000,16724199,16724199,1683248642307,True,True
11925004,0.97100000,25.80000000,16724200,16724200,1683248644746,True,True
11925005,0.97090000,203.20000000,16724201,16724203,1683248644746,True,True
11925006,0.97090000,57.60000000,16724204,16724204,1683248648284,True,True
11925007,0.97230000,95.50000000,16724205,16724205,1683248653185,False,True
11925008,0.97240000,142.30000000,16724206,16724206,1683248653185,False,True
11925009,0.97270000,76.20000000,16724207,16724207,1683248658574,False,True
11925010,0.97280000,98.10000000,16724208,16724208,1683248658574,False,True
11925011,0.97280000,76.10000000,16724209,16724209,1683248684565,False,True
11925012,0.97280000,17.10000000,16724210,16724210,1683248702121,True,True
11925013,0.97280000,29.90000000,16724211,16724211,1683248714073,False,True
11925014,0.97150000,174.00000000,16724212,16724212,1683248715969,False,True
11925015,0.97100000,10.90000000,16724213,16724213,1683248716685,True,True
11925016,0.97150000,237.50000000,16724214,16724214,1683248717395,False,True
11925017,0.97150000,1282.60000000,16724215,16724215,1683248730482,False,True
11925018,0.97280000,312.70000000,16724216,16724216,1683248741917,False,True
11925019,0.97320000,654.20000000,16724217,16724218,1683248762639,False,True
11925020,0.97320000,825.00000000,16724219,16724221,1683248764316,True,True
11925021,0.97170000,95.50000000,16724222,16724222,1683248764316,True,True
11925022,0.97160000,205.80000000,16724223,16724223,1683248764316,True,True
11925023,0.97060000,226.40000000,16724224,16724224,1683248764316,True,True
11925024,0.97050000,75.30000000,16724225,16724225,1683248764316,True,True
11925025,0.97030000,1351.00000000,16724226,16724235,1683248764316,True,True
11925026,0.97020000,1802.80000000,16724236,16724236,1683248764316,True,True
11925027,0.97010000,12.00000000,16724237,16724237,1683248764316,True,True
11925028,0.97000000,116.40000000,16724238,16724238,1683248764316,True,True
11925029,0.97000000,444.50000000,16724239,16724239,1683248764319,False,True
11925030,0.96990000,114.20000000,16724240,16724240,1683248764321,False,True
11925031,0.97000000,132.00000000,16724241,16724241,1683248764324,False,True
11925032,0.96980000,115.90000000,16724242,16724242,1683248764332,True,True
11925033,0.96960000,221.40000000,16724243,16724244,1683248764337,True,True
11925034,0.96980000,59.00000000,16724245,16724245,1683248764373,True,True
11925035,0.96940000,194.30000000,16724246,16724247,1683248764376,True,True
11925036,0.96910000,244.10000000,16724248,16724248,1683248764376,True,True
11925037,0.96880000,60.90000000,16724249,16724249,1683248764376,True,True
11925038,0.96890000,95.50000000,16724250,16724250,1683248764504,True,True
11925039,0.96890000,95.50000000,16724251,16724251,1683248764573,True,True
11925040,0.96950000,209.50000000,16724252,16724252,1683248766408,False,True
11925041,0.96910000,343.90000000,16724253,16724253,1683248766474,True,True
11925042,0.96900000,117.80000000,16724254,16724254,1683248768573,True,True
11925043,0.96900000,191.70000000,16724255,16724255,1683248768577,True,True
11925044,0.96820000,95.50000000,16724256,16724256,1683248768677,True,True
11925045,0.96910000,21.10000000,16724257,16724257,1683248770873,False,True
11925046,0.96810000,656.80000000,16724258,16724259,1683248770976,True,True
11925047,0.96870000,342.90000000,16724260,16724260,1683248771119,False,True
11925048,0.96880000,206.40000000,16724261,16724261,1683248771119,False,True
11925049,0.96900000,104.70000000,16724262,16724262,1683248771119,False,True
11925050,0.96920000,68.50000000,16724263,16724263,1683248771119,False,True
11925051,0.96800000,509.90000000,16724264,16724265,1683248771178,True,True
11925052,0.96890000,237.40000000,16724266,16724266,1683248772536,False,True
11925053,0.96890000,94.80000000,16724267,16724267,1683248773048,False,True
11925054,0.96900000,32.00000000,16724268,16724268,1683248773048,False,True
11925055,0.96790000,171.10000000,16724269,16724269,1683248773115,True,True
11925056,0.96790000,138.80000000,16724270,16724270,1683248773116,True,True
11925057,0.96700000,310.20000000,16724271,16724271,1683248773179,True,True
11925058,0.96690000,74.10000000,16724272,16724272,1683248773179,True,True
11925059,0.96690000,52.40000000,16724273,16724273,1683248773179,True,True
11925060,0.96690000,117.60000000,16724274,16724274,1683248773179,True,True
11925061,0.96670000,1206.20000000,16724275,16724283,1683248773179,True,True
11925062,0.96670000,100.00000000,16724284,16724285,1683248773179,True,True
11925063,0.96680000,52.40000000,16724286,16724286,1683248775186,False,True
11925064,0.96690000,206.80000000,16724287,16724287,1683248775186,False,True
11925065,0.96700000,96.60000000,16724288,16724288,1683248775186,False,True
11925066,0.96680000,213.50000000,16724289,16724289,1683248775889,False,True
11925067,0.96800000,120.80000000,16724290,16724290,1683248776959,False,True
11925068,0.96810000,53.90000000,16724291,16724291,1683248776959,False,True
11925069,0.96670000,125.30000000,16724292,16724293,1683248778082,True,True
11925070,0.96660000,930.90000000,16724294,16724296,1683248778082,True,True
11925071,0.96650000,272.40000000,16724297,16724298,1683248778082,True,True
11925072,0.96640000,44.50000000,16724299,16724299,1683248778082,True,True
11925073,0.96620000,344.90000000,16724300,16724300,1683248778082,True,True
11925074,0.96610000,317.30000000,16724301,16724301,1683248778082,True,True
11925075,0.96600000,517.50000000,16724302,16724302,1683248778082,True,True
11925076,0.96580000,18.40000000,16724303,16724303,1683248778082,True,True
11925077,0.96530000,182.30000000,16724304,16724304,1683248778082,True,True
11925078,0.96520000,132.80000000,16724305,16724305,1683248778082,True,True
11925079,0.96510000,103.60000000,16724306,16724306,1683248778082,True,True
11925080,0.96500000,134.70000000,16724307,16724308,1683248778082,True,True
11925081,0.96480000,339.30000000,16724309,16724310,1683248778082,True,True
11925082,0.96460000,376.70000000,16724311,16724312,1683248778082,True,True
11925083,0.96400000,193.10000000,16724313,16724314,1683248778082,True,True
11925084,0.96390000,147.80000000,16724315,16724316,1683248778082,True,True
11925085,0.96380000,102.70000000,16724317,16724317,1683248778082,True,True
11925086,0.96370000,27.50000000,16724318,16724318,1683248778082,True,True
11925087,0.96360000,50.20000000,16724319,16724320,1683248778082,True,True
11925088,0.96210000,311.80000000,16724321,16724321,1683248778082,True,True
11925089,0.96190000,285.30000000,16724322,16724322,1683248778082,True,True
11925090,0.96180000,1600.00000000,16724323,16724324,1683248778082,True,True
11925091,0.96170000,1255.80000000,16724325,16724325,1683248778082,True,True
11925092,0.96130000,514.90000000,16724326,16724326,1683248778082,True,True
11925093,0.96100000,721.00000000,16724327,16724329,1683248778082,True,True
11925094,0.96100000,47.00000000,16724330,16724330,1683248778082,True,True
11925095,0.96100000,12.00000000,16724331,16724331,1683248778082,True,True
11925096,0.96390000,43.00000000,16724332,16724332,1683248778086,False,True
11925097,0.96400000,2128.40000000,16724333,16724333,1683248778086,False,True
11925098,0.96400000,592.50000000,16724334,16724334,1683248778086,False,True
11925099,0.96390000,33.50000000,16724335,16724335,1683248778088,False,True
11925100,0.96400000,263.60000000,16724336,16724336,1683248778088,False,True
11925101,0.96380000,33.50000000,16724337,16724337,1683248778088,False,True
11925102,0.96390000,33.50000000,16724338,16724338,1683248778089,False,True
11925103,0.96490000,116.10000000,16724339,16724339,1683248778092,False,True
11925104,0.96500000,1163.10000000,16724340,16724340,1683248778092,False,True
11925105,0.96210000,333.60000000,16724341,16724341,1683248778098,True,True
11925106,0.96390000,329.20000000,16724342,16724342,1683248778099,False,True
11925107,0.96220000,76.50000000,16724343,16724343,1683248778102,True,True
11925108,0.96210000,165.70000000,16724344,16724344,1683248778102,True,True
11925109,0.96190000,61.70000000,16724345,16724345,1683248778102,True,True
11925110,0.96190000,14.60000000,16724346,16724346,1683248778103,True,True
11925111,0.96110000,400.00000000,16724347,16724348,1683248778103,True,True
11925112,0.96100000,86.40000000,16724349,16724349,1683248778103,True,True
11925113,0.96200000,25.90000000,16724350,16724350,1683248778109,True,True
11925114,0.96190000,78.00000000,16724351,16724352,1683248778109,True,True
11925115,0.96190000,12.70000000,16724353,16724353,1683248778109,True,True
11925116,0.96190000,25.90000000,16724354,16724354,1683248778110,True,True
11925117,0.96170000,25.90000000,16724355,16724355,1683248778116,True,True
11925118,0.96110000,25.90000000,16724356,16724356,1683248778116,True,True
11925119,0.96100000,100.50000000,16724357,16724357,1683248778116,True,True
11925120,0.96150000,129.60000000,16724358,16724358,1683248778120,True,True
11925121,0.96150000,77.80000000,16724359,16724359,1683248778120,True,True
11925122,0.96150000,120.00000000,16724360,16724360,1683248778134,True,True
11925123,0.96340000,75.50000000,16724361,16724361,1683248778148,True,True
11925124,0.96260000,37.20000000,16724362,16724362,1683248778199,True,True
11925125,0.96330000,25.90000000,16724363,16724363,1683248778395,False,True
11925126,0.96330000,57.10000000,16724364,16724364,1683248778401,False,True
11925127,0.96190000,75.00000000,16724365,16724365,1683248778458,True,True
11925128,0.96190000,75.00000000,16724366,16724366,1683248778489,True,True
11925129,0.96330000,103.50000000,16724367,16724367,1683248778571,False,True
11925130,0.96170000,204.00000000,16724368,16724368,1683248778742,True,True
11925131,0.96210000,11.60000000,16724369,16724369,1683248780007,True,True
11925132,0.96300000,19.60000000,16724370,16724370,1683248780881,False,True
11925133,0.96300000,15.50000000,16724371,16724371,1683248781138,False,True
11925134,0.96210000,12.20000000,16724372,16724372,1683248782526,True,True
11925135,0.96280000,19.80000000,16724373,16724373,1683248782677,False,True
11925136,0.96280000,469.70000000,16724374,16724375,1683248786428,False,True
11925137,0.96290000,39.40000000,16724376,16724376,1683248786428,False,True
11925138,0.96320000,120.80000000,16724377,16724377,1683248786428,False,True
11925139,0.96340000,318.60000000,16724378,16724379,1683248786428,False,True
11925140,0.96370000,84.10000000,16724380,16724381,1683248786428,False,True
11925141,0.96210000,424.20000000,16724382,16724390,1683248788798,True,True
11925142,0.96200000,259.80000000,16724391,16724391,1683248788808,True,True
11925143,0.96290000,12.90000000,16724392,16724392,1683248792718,False,True
11925144,0.96170000,26.30000000,16724393,16724393,1683248798760,True,True
11925145,0.96140000,18.60000000,16724394,16724394,1683248798760,True,True
11925146,0.96270000,11.10000000,16724395,16724395,1683248799424,False,True
11925147,0.96270000,11.40000000,16724396,16724396,1683248799802,False,True
11925148,0.96170000,325.20000000,16724397,16724397,1683248801651,True,True
11925149,0.96160000,148.00000000,16724398,16724398,1683248801651,True,True
11925150,0.96140000,351.50000000,16724399,16724401,1683248801651,True,True
11925151,0.96130000,312.00000000,16724402,16724402,1683248801651,True,True
11925152,0.96110000,1483.30000000,16724403,16724413,1683248801651,True,True
11925153,0.96100000,6316.70000000,16724414,16724421,1683248801651,True,True
11925154,0.96050000,20.50000000,16724422,16724422,1683248801651,True,True
11925155,0.96040000,614.30000000,16724423,16724425,1683248801651,True,True
11925156,0.96010000,54.20000000,16724426,16724427,1683248801651,True,True
11925157,0.96010000,193.00000000,16724428,16724429,1683248801684,True,True
11925158,0.96110000,312.10000000,16724430,16724430,1683248802293,True,True
11925159,0.96030000,205.00000000,16724431,16724431,1683248803998,True,True
11925160,0.96020000,208.20000000,16724432,16724432,1683248803998,True,True
11925161,0.96010000,1972.00000000,16724433,16724444,1683248803998,True,True
11925162,0.96000000,2663.50000000,16724445,16724452,1683248803998,True,True
11925163,0.95970000,28.40000000,16724453,16724453,1683248804009,True,True
11925164,0.95960000,25.30000000,16724454,16724454,1683248804009,True,True
11925165,0.95940000,9.90000000,16724455,16724455,1683248804009,True,True
11925166,0.95950000,118.70000000,16724456,16724457,1683248804050,False,True
11925167,0.95990000,332.30000000,16724458,16724458,1683248804067,False,True
11925168,0.96000000,657.60000000,16724459,16724459,1683248804067,False,True
11925169,0.95940000,57.90000000,16724460,16724460,1683248804095,True,True
11925170,0.95970000,53.00000000,16724461,16724461,1683248804126,False,True
11925171,0.95970000,100.00000000,16724462,16724462,1683248804240,False,True
11925172,0.95930000,328.40000000,16724463,16724464,1683248804295,True,True
11925173,0.95970000,79.10000000,16724465,16724465,1683248804383,False,True
11925174,0.95910000,200.90000000,16724466,16724466,1683248804393,True,True
11925175,0.95960000,19.90000000,16724467,16724467,1683248804436,False,True
11925176,0.95970000,10.00000000,16724468,16724468,1683248804436,False,True
11925177,0.95970000,72.80000000,16724469,16724469,1683248804630,False,True
11925178,0.95970000,4.20000000,16724470,16724470,1683248804899,False,True
11925179,0.95980000,62.80000000,16724471,16724471,1683248804899,False,True
11925180,0.95970000,19.90000000,16724472,16724472,1683248805149,False,True
11925181,0.95980000,61.60000000,16724473,16724473,1683248805176,False,True
11925182,0.95980000,56.70000000,16724474,16724474,1683248805413,False,True
11925183,0.95980000,27.20000000,16724475,16724475,1683248805679,False,True
11925184,0.95990000,20.20000000,16724476,16724476,1683248805679,False,True
11925185,0.95990000,19.80000000,16724477,16724477,1683248805757,False,True
11925186,0.95990000,38.80000000,16724478,16724478,1683248805783,False,True
11925187,0.95990000,35.00000000,16724479,16724479,1683248805910,False,True
11925188,0.95990000,31.90000000,16724480,16724480,1683248806051,False,True
11925189,0.95990000,29.10000000,16724481,16724481,1683248806197,False,True
11925190,0.96000000,26.60000000,16724482,16724482,1683248806393,False,True
11925191,0.96000000,24.20000000,16724483,16724483,1683248806474,False,True
11925192,0.95980000,22.10000000,16724484,16724484,1683248806661,False,True
11925193,0.95980000,23.60000000,16724485,16724485,1683248808109,False,True
11925194,0.95910000,124.70000000,16724486,16724486,1683248809600,True,True
11925195,0.95910000,114.70000000,16724487,16724487,1683248809753,True,True
11925196,0.95970000,122.00000000,16724488,16724488,1683248811232,False,True
11925197,0.95980000,122.00000000,16724489,16724489,1683248811232,False,True
11925198,0.95990000,207.40000000,16724490,16724490,1683248811232,False,True
11925199,0.96000000,1550.40000000,16724491,16724491,1683248811232,False,True
11925200,0.95980000,2300.00000000,16724492,16724492,1683248816544,False,True
11925201,0.95920000,27.00000000,16724493,16724493,1683248825108,True,True
11925202,0.95920000,44.70000000,16724494,16724495,1683248825118,True,True
11925203,0.95980000,14.00000000,16724496,16724496,1683248827794,False,True
11925204,0.95960000,240.90000000,16724497,16724497,1683248834491,False,True
11925205,0.95960000,16.00000000,16724498,16724498,1683248836092,False,True
11925206,0.95960000,176.50000000,16724499,16724499,1683248837049,False,True
11925207,0.95960000,12.10000000,16724500,16724500,1683248837199,False,True
11925208,0.95890000,135.60000000,16724501,16724502,1683248837696,True,True
11925209,0.95860000,7.30000000,16724503,16724503,1683248837696,True,True
11925210,0.95900000,12.00000000,16724504,16724504,1683248837737,False,True
11925211,0.95900000,34.10000000,16724505,16724505,1683248837853,False,True
11925212,0.95830000,270.00000000,16724506,16724507,1683248846177,True,True
11925213,0.95820000,19.10000000,16724508,16724508,1683248846177,True,True
11925214,0.95880000,21.80000000,16724509,16724509,1683248849374,False,True
11925215,0.95820000,293.90000000,16724510,16724510,1683248851593,True,True
11925216,0.95810000,121.50000000,16724511,16724511,1683248851593,True,True
11925217,0.95840000,11.50000000,16724512,16724512,1683248855550,False,True
11925218,0.95840000,592.50000000,16724513,16724513,1683248868665,False,True
11925219,0.95850000,35.80000000,16724514,16724515,1683248868665,False,True
11925220,0.95860000,326.00000000,16724516,16724516,1683248873582,True,True
11925221,0.95840000,322.70000000,16724517,16724517,1683248873582,True,True
11925222,0.95820000,2431.30000000,16724518,16724519,1683248873582,True,True
11925223,0.95810000,1558.80000000,16724520,16724530,1683248873582,True,True
11925224,0.95800000,2391.10000000,16724531,16724543,1683248873582,True,True
11925225,0.95790000,52.10000000,16724544,16724544,1683248873582,True,True
11925226,0.95770000,50.00000000,16724545,16724545,1683248873582,True,True
11925227,0.95750000,313.30000000,16724546,16724546,1683248873582,True,True
11925228,0.95720000,95.40000000,16724547,16724548,1683248873582,True,True
11925229,0.95700000,6987.10000000,16724549,16724550,1683248873582,True,True
11925230,0.95670000,14.40000000,16724551,16724551,1683248873582,True,True
11925231,0.95660000,29937.30000000,16724552,16724561,1683248873582,True,True
11925232,0.95640000,115.00000000,16724562,16724562,1683248873582,True,True
11925233,0.95620000,586.40000000,16724563,16724564,1683248873582,True,True
11925234,0.95610000,1129.30000000,16724565,16724565,1683248873582,True,True
11925235,0.95570000,28.40000000,16724566,16724566,1683248873582,True,True
11925236,0.95540000,12.00000000,16724567,16724567,1683248873582,True,True
11925237,0.95530000,137.90000000,16724568,16724568,1683248873582,True,True
11925238,0.95500000,12.00000000,16724569,16724569,1683248873582,True,True
11925239,0.95490000,15.00000000,16724570,16724570,1683248873582,True,True
11925240,0.95490000,9.30000000,16724571,16724571,1683248873582,True,True
11925241,0.95470000,83.70000000,16724572,16724572,1683248873582,True,True
11925242,0.95450000,11.40000000,16724573,16724573,1683248873582,True,True
11925243,0.95400000,115.30000000,16724574,16724574,1683248873582,True,True
11925244,0.95400000,566.70000000,16724575,16724575,1683248873586,False,True
11925245,0.95500000,1252.20000000,16724576,16724576,1683248873586,False,True
11925246,0.95500000,417.70000000,16724577,16724577,1683248873587,False,True
11925247,0.95500000,1818.70000000,16724578,16724578,1683248873587,False,True
11925248,0.95490000,209.40000000,16724579,16724579,1683248873588,False,True
11925249,0.95500000,289.90000000,16724580,16724580,1683248873588,False,True
11925250,0.95400000,52.70000000,16724581,16724581,1683248873590,False,True
11925251,0.95390000,74.70000000,16724582,16724582,1683248873595,True,True
11925252,0.95340000,321.90000000,16724583,16724583,1683248873595,True,True
11925253,0.95320000,231.70000000,16724584,16724584,1683248873595,True,True
11925254,0.95490000,209.40000000,16724585,16724585,1683248873596,False,True
11925255,0.95490000,209.40000000,16724586,16724587,1683248873596,False,True
11925256,0.95490000,121.10000000,16724588,16724588,1683248873598,False,True
11925257,0.95500000,13.10000000,16724589,16724589,1683248873598,False,True
11925258,0.95330000,182.50000000,16724590,16724590,1683248873606,True,True
11925259,0.95310000,125.70000000,16724591,16724591,1683248873609,True,True
11925260,0.95450000,288.00000000,16724592,16724592,1683248873655,False,True
11925261,0.95450000,31.80000000,16724593,16724593,1683248873658,False,True
11925262,0.95460000,76.90000000,16724594,16724594,1683248873658,False,True
11925263,0.95470000,76.90000000,16724595,16724595,1683248873658,False,True
11925264,0.95480000,114.60000000,16724596,16724596,1683248873658,False,True
11925265,0.95490000,28.80000000,16724597,16724597,1683248873658,False,True
11925266,0.95490000,224.90000000,16724598,16724599,1683248873662,False,True
11925267,0.95460000,35.20000000,16724600,16724600,1683248873713,False,True
11925268,0.95480000,53.90000000,16724601,16724601,1683248873713,False,True
11925269,0.95480000,16.70000000,16724602,16724602,1683248873850,False,True
11925270,0.95480000,16.70000000,16724603,16724603,1683248873971,False,True
11925271,0.95480000,26.50000000,16724604,16724604,1683248874168,False,True
11925272,0.95480000,26.50000000,16724605,16724605,1683248874168,False,True
11925273,0.95480000,26.50000000,16724606,16724606,1683248874168,False,True
11925274,0.95400000,262.00000000,16724607,16724607,1683248874810,True,True
11925275,0.95390000,663.80000000,16724608,16724609,1683248874810,True,True
11925276,0.95380000,8.90000000,16724610,16724610,1683248874810,True,True
11925277,0.95380000,305.60000000,16724611,16724611,1683248875271,True,True
11925278,0.95360000,349.50000000,16724612,16724612,1683248875271,True,True
11925279,0.95350000,262.10000000,16724613,16724613,1683248875271,True,True
11925280,0.95330000,31.10000000,16724614,16724614,1683248875271,True,True
11925281,0.95460000,21.50000000,16724615,16724615,1683248876845,False,True
11925282,0.95330000,231.10000000,16724616,16724616,1683248876849,True,True
11925283,0.95320000,97.90000000,16724617,16724617,1683248876849,True,True
11925284,0.95320000,288.00000000,16724618,16724620,1683248876869,True,True
11925285,0.95320000,436.40000000,16724621,16724624,1683248877015,True,True
11925286,0.95460000,22.30000000,16724625,16724625,1683248878684,False,True
11925287,0.95460000,21.50000000,16724626,16724626,1683248879856,False,True
11925288,0.95460000,21.40000000,16724627,16724627,1683248880976,False,True
11925289,0.95330000,50.90000000,16724628,16724629,1683248883218,True,True
11925290,0.95380000,242.20000000,16724630,16724630,1683248883996,False,True
11925291,0.95330000,132.40000000,16724631,16724636,1683248886339,True,True
11925292,0.95320000,366.90000000,16724637,16724641,1683248887041,True,True
11925293,0.95380000,13.10000000,16724642,16724642,1683248890345,False,True
11925294,0.95380000,242.40000000,16724643,16724643,1683248893544,False,True
11925295,0.95320000,334.20000000,16724644,16724646,1683248894426,True,True
11925296,0.95310000,1088.30000000,16724647,16724647,1683248894426,True,True
11925297,0.95370000,177.60000000,16724648,16724648,1683248896755,False,True
11925298,0.95330000,14.00000000,16724649,16724649,1683248915492,True,True
11925299,0.95330000,232.60000000,16724650,16724651,1683248923415,True,True
11925300,0.95350000,48.90000000,16724652,16724652,1683248925751,False,True
11925301,0.95330000,29.80000000,16724653,16724653,1683248930972,True,True
11925302,0.95350000,21.60000000,16724654,16724654,1683248940467,False,True
11925303,0.95340000,20.00000000,16724655,16724655,1683248951860,True,True
11925304,0.95380000,160.10000000,16724656,16724656,1683248956586,False,True
11925305,0.95380000,61.00000000,16724657,16724657,1683248956586,False,True
11925306,0.95380000,52.30000000,16724658,16724658,1683248956590,False,True
11925307,0.95380000,277.20000000,16724659,16724659,1683248956590,False,True
11925308,0.95380000,3722.90000000,16724660,16724660,1683248956601,False,True
11925309,0.95390000,143.00000000,16724661,16724661,1683248956605,False,True
11925310,0.95460000,30.50000000,16724662,16724662,1683248956609,False,True
11925311,0.95480000,301.20000000,16724663,16724663,1683248956615,False,True
11925312,0.95490000,47.70000000,16724664,16724664,1683248956622,False,True
11925313,0.95490000,24.40000000,16724665,16724665,1683248956624,False,True
11925314,0.95500000,499.30000000,16724666,16724666,1683248957136,False,True
11925315,0.95500000,177.50000000,16724667,16724667,1683248957814,False,True
11925316,0.95500000,242.30000000,16724668,16724668,1683248958394,False,True
11925317,0.95430000,285.00000000,16724669,16724671,1683248966468,True,True
11925318,0.95420000,66.40000000,16724672,16724673,1683248966468,True,True
11925319,0.95400000,339.10000000,16724674,16724674,1683248966468,True,True
11925320,0.95350000,209.70000000,16724675,16724675,1683248966468,True,True
11925321,0.95320000,768.20000000,16724676,16724681,1683248966468,True,True
11925322,0.95350000,19.80000000,16724682,16724682,1683248967714,True,True
11925323,0.95360000,387.50000000,16724683,16724684,1683248975536,True,True
11925324,0.95340000,209.70000000,16724685,16724685,1683248975536,True,True
11925325,0.95320000,620.00000000,16724686,16724691,1683248975536,True,True
11925326,0.95450000,193.70000000,16724692,16724694,1683248999279,True,True
11925327,0.95440000,325.40000000,16724695,16724695,1683248999279,True,True
11925328,0.95420000,992.60000000,16724696,16724696,1683248999279,True,True
11925329,0.95380000,50.00000000,16724697,16724697,1683248999279,True,True
11925330,0.95350000,209.70000000,16724698,16724698,1683248999279,True,True
11925331,0.95320000,183.20000000,16724699,16724700,1683248999279,True,True
11925332,0.95310000,5780.70000000,16724701,16724701,1683248999279,True,True
11925333,0.95290000,20.50000000,16724702,16724702,1683248999279,True,True
11925334,0.95230000,1323.30000000,16724703,16724704,1683248999279,True,True
11925335,0.95220000,119.40000000,16724705,16724705,1683248999279,True,True
11925336,0.95200000,52.80000000,16724706,16724706,1683248999279,True,True
11925337,0.95180000,1226.60000000,16724707,16724708,1683248999279,True,True
11925338,0.95140000,112.80000000,16724709,16724709,1683248999279,True,True
11925339,0.95130000,2343.90000000,16724710,16724711,1683248999279,True,True
11925340,0.95120000,86.80000000,16724712,16724712,1683248999279,True,True
11925341,0.95110000,115.10000000,16724713,16724713,1683248999279,True,True
11925342,0.95080000,315.50000000,16724714,16724714,1683248999279,True,True
11925343,0.95060000,1076.40000000,16724715,16724715,1683248999279,True,True
11925344,0.95040000,511.20000000,16724716,16724718,1683248999279,True,True
11925345,0.95030000,594.50000000,16724719,16724719,1683248999279,True,True
11925346,0.95010000,94.50000000,16724720,16724720,1683248999279,True,True
11925347,0.95000000,15178.30000000,16724721,16724728,1683248999279,True,True
11925348,0.95000000,634.00000000,16724729,16724729,1683248999279,True,True
11925349,0.95000000,10852.80000000,16724730,16724730,1683248999279,True,True
11925350,0.95000000,267.60000000,16724731,16724731,1683248999279,True,True
11925351,0.95000000,2716.40000000,16724732,16724732,1683248999279,True,True
11925352,0.95080000,54.50000000,16724733,16724733,1683248999322,True,True
11925353,0.95070000,77.50000000,16724734,16724734,1683248999322,True,True
11925354,0.95050000,77.50000000,16724735,16724735,1683248999322,True,True
11925355,0.95030000,11.30000000,16724736,16724736,1683248999322,True,True
11925356,0.95000000,11.70000000,16724737,16724737,1683248999334,True,True
11925357,0.95160000,12.00000000,16724738,16724738,1683248999402,False,True
11925358,0.95200000,23.00000000,16724739,16724739,1683248999472,False,True
11925359,0.95280000,117.60000000,16724740,16724740,1683249000602,False,True
11925360,0.95320000,136.40000000,16724741,16724741,1683249000705,False,True
11925361,0.95350000,47.10000000,16724742,16724742,1683249001700,False,True
11925362,0.95380000,314.50000000,16724743,16724743,1683249001700,False,True
11925363,0.95390000,193.40000000,16724744,16724744,1683249001700,False,True
11925364,0.95410000,23.70000000,16724745,16724745,1683249002365,False,True
11925365,0.95340000,79.00000000,16724746,16724746,1683249008474,True,True
11925366,0.95410000,49.10000000,16724747,16724747,1683249009454,False,True
11925367,0.95470000,317.20000000,16724748,16724748,1683249009454,False,True
11925368,0.95490000,135.40000000,16724749,16724749,1683249009454,False,True
11925369,0.95530000,126.00000000,16724750,16724750,1683249009454,False,True
11925370,0.95580000,207.50000000,16724751,16724752,1683249009454,False,True
11925371,0.95590000,121.90000000,16724753,16724753,1683249009454,False,True
11925372,0.95600000,117.60000000,16724754,16724754,1683249009457,True,True
11925373,0.95600000,642.30000000,16724755,16724755,1683249009458,True,True
11925374,0.95600000,134.00000000,16724756,16724756,1683249009466,True,True
11925375,0.95610000,75.60000000,16724757,16724757,1683249009508,False,True
11925376,0.95700000,1619.80000000,16724758,16724759,1683249009761,False,True
11925377,0.95700000,286.60000000,16724760,16724760,1683249009763,False,True
11925378,0.95700000,13.40000000,16724761,16724761,1683249009764,False,True
11925379,0.95750000,413.30000000,16724762,16724763,1683249011178,False,True
11925380,0.95750000,182.70000000,16724764,16724764,1683249011180,False,True
11925381,0.95750000,65.30000000,16724765,16724765,1683249011181,False,True
11925382,0.95760000,30.40000000,16724766,16724766,1683249013608,False,True
11925383,0.95710000,270.30000000,16724767,16724768,1683249014593,True,True
11925384,0.95700000,45.30000000,16724769,16724769,1683249014593,True,True
11925385,0.95700000,208.90000000,16724770,16724770,1683249014602,True,True
11925386,0.95700000,208.90000000,16724771,16724771,1683249014873,True,True
11925387,0.95730000,21.00000000,16724772,16724772,1683249015111,True,True
11925388,0.95750000,242.20000000,16724773,16724773,1683249015262,False,True
11925389,0.95760000,177.40000000,16724774,16724774,1683249018628,False,True
11925390,0.95660000,50.00000000,16724775,16724775,1683249022439,True,True
11925391,0.95650000,150.00000000,16724776,16724776,1683249022439,True,True
11925392,0.95760000,160.00000000,16724777,16724777,1683249025341,False,True
11925393,0.95770000,99.00000000,16724778,16724778,1683249025341,False,True
11925394,0.95780000,208.80000000,16724779,16724779,1683249025341,False,True
11925395,0.95780000,576.50000000,16724780,16724780,1683249025344,True,True
11925396,0.95800000,259.00000000,16724781,16724782,1683249033915,False,True
11925397,0.95810000,486.10000000,16724783,16724783,1683249033915,False,True
11925398,0.95850000,347.70000000,16724784,16724784,1683249033915,False,True
11925399,0.95860000,260.70000000,16724785,16724785,1683249033915,False,True
11925400,0.95880000,123.20000000,16724786,16724786,1683249033915,False,True
11925401,0.95890000,444.10000000,16724787,16724788,1683249033915,False,True
11925402,0.95900000,208.90000000,16724789,16724789,1683249033918,True,True
11925403,0.95940000,135.90000000,16724790,16724790,1683249033941,False,True
11925404,0.96000000,1059.00000000,16724791,16724792,1683249033943,False,True
11925405,0.96010000,75.40000000,16724793,16724793,1683249033943,False,True
11925406,0.96050000,20.50000000,16724794,16724794,1683249033946,False,True
11925407,0.96010000,138.40000000,16724795,16724795,1683249033955,False,True
11925408,0.96030000,99.00000000,16724796,16724796,1683249034089,True,True
11925409,0.96060000,312.50000000,16724797,16724797,1683249034385,True,True
11925410,0.96060000,10.20000000,16724798,16724798,1683249034396,True,True
11925411,0.96050000,50.00000000,16724799,16724799,1683249034396,True,True
11925412,0.96130000,71.10000000,16724800,16724800,1683249037755,False,True
11925413,0.96050000,50.00000000,16724801,16724801,1683249038925,True,True
11925414,0.96060000,12.50000000,16724802,16724802,1683249044439,False,True
11925415,0.96050000,427.80000000,16724803,16724805,1683249049928,True,True
11925416,0.96050000,131.40000000,16724806,16724806,1683249052968,True,True
11925417,0.96050000,66.40000000,16724807,16724807,1683249053044,True,True
11925418,0.96060000,141.70000000,16724808,16724808,1683249055581,False,True
11925419,0.96060000,165.00000000,16724809,16724810,1683249055586,False,True
11925420,0.96080000,374.90000000,16724811,16724812,1683249057804,True,True
11925421,0.96030000,176.20000000,16724813,16724814,1683249074887,False,True
11925422,0.96030000,27.80000000,16724815,16724815,1683249075135,False,True
11925423,0.96130000,151.60000000,16724816,16724817,1683249075135,False,True
11925424,0.96140000,61.10000000,16724818,16724818,1683249075135,False,True
11925425,0.96070000,50.00000000,16724819,16724819,1683249075943,True,True
11925426,0.96110000,94.50000000,16724820,16724820,1683249091598,False,True
11925427,0.96060000,190.00000000,16724821,16724821,1683249091650,True,True
11925428,0.96060000,16.20000000,16724822,16724822,1683249093269,False,True
11925429,0.96070000,28.20000000,16724823,16724823,1683249128941,False,True
11925430,0.96060000,159.50000000,16724824,16724826,1683249129230,True,True
11925431,0.96050000,176.20000000,16724827,16724827,1683249133712,False,True
11925432,0.96050000,102.20000000,16724828,16724828,1683249135193,False,True
11925433,0.96060000,40.50000000,16724829,16724829,1683249135193,False,True
11925434,0.96110000,97.80000000,16724830,16724830,1683249135193,False,True
11925435,0.96010000,18.60000000,16724831,16724831,1683249135403,True,True
11925436,0.96120000,405.70000000,16724832,16724833,1683249165922,False,True
11925437,0.96190000,410.80000000,16724834,16724835,1683249165922,False,True
11925438,0.96220000,311.70000000,16724836,16724836,1683249165922,False,True
11925439,0.96230000,345.00000000,16724837,16724837,1683249165922,False,True
11925440,0.96240000,132.80000000,16724838,16724838,1683249165922,False,True
11925441,0.96260000,332.50000000,16724839,16724840,1683249165922,False,True
11925442,0.96290000,114.30000000,16724841,16724841,1683249165922,False,True
11925443,0.96300000,216.80000000,16724842,16724842,1683249165925,True,True
11925444,0.96300000,1642.50000000,16724843,16724843,1683249165925,True,True
11925445,0.96270000,99.00000000,16724844,16724844,1683249167184,False,True
11925446,0.96280000,60.50000000,16724845,16724845,1683249167184,False,True
11925447,0.96310000,207.60000000,16724846,16724846,1683249167184,False,True
11925448,0.96320000,51.90000000,16724847,16724847,1683249167184,False,True
11925449,0.96330000,336.20000000,16724848,16724848,1683249167184,False,True
11925450,0.96370000,345.80000000,16724849,16724849,1683249167184,False,True
11925451,0.96380000,220.90000000,16724850,16724860,1683249167184,False,True
11925452,0.96410000,274.90000000,16724861,16724861,1683249167184,False,True
11925453,0.96350000,343.80000000,16724862,16724862,1683249167694,True,True
11925454,0.96250000,15.60000000,16724863,16724863,1683249171032,True,True
11925455,0.96380000,140.10000000,16724864,16724864,1683249193667,False,True
11925456,0.96380000,175.90000000,16724865,16724865,1683249195104,False,True
11925457,0.96390000,99.00000000,16724866,16724866,1683249196507,False,True
11925458,0.96410000,141.00000000,16724867,16724867,1683249196507,False,True
11925459,0.96390000,17.30000000,16724868,16724868,1683249203396,True,True
11925460,0.96280000,50.00000000,16724869,16724869,1683249223624,True,True
11925461,0.96280000,50.00000000,16724870,16724870,1683249228543,True,True
11925462,0.96270000,3.50000000,16724871,16724871,1683249228543,True,True
11925463,0.96410000,207.40000000,16724872,16724872,1683249256131,False,True
11925464,0.96420000,32.60000000,16724873,16724873,1683249256131,False,True
11925465,0.96420000,175.80000000,16724874,16724874,1683249259107,False,True
11925466,0.96350000,33.00000000,16724875,16724875,1683249276388,True,True
11925467,0.96350000,76.00000000,16724876,16724877,1683249276393,True,True
11925468,0.96420000,30.10000000,16724878,16724878,1683249313154,False,True
11925469,0.96420000,177.30000000,16724879,16724879,1683249317015,False,True
11925470,0.96430000,13.60000000,16724880,16724880,1683249317015,False,True
11925471,0.96450000,48.90000000,16724881,16724881,1683249317015,False,True
11925472,0.96420000,136.40000000,16724882,16724882,1683249320712,False,True
11925473,0.96450000,39.30000000,16724883,16724883,1683249320712,False,True
11925474,0.96450000,183.50000000,16724884,16724884,1683249320726,False,True
11925475,0.96430000,318.90000000,16724885,16724885,1683249321079,True,True
11925476,0.96430000,27.10000000,16724886,16724886,1683249321087,True,True
11925477,0.96390000,149.00000000,16724887,16724888,1683249330794,True,True
11925478,0.96330000,119.60000000,16724889,16724889,1683249330811,True,True
11925479,0.96390000,363.10000000,16724890,16724890,1683249340678,False,True
11925480,0.96230000,50.00000000,16724891,16724891,1683249366676,True,True
11925481,0.96220000,27.70000000,16724892,16724892,1683249366676,True,True
11925482,0.96220000,77.50000000,16724893,16724893,1683249369117,True,True
11925483,0.96130000,49.00000000,16724894,16724894,1683249369117,True,True
11925484,0.96260000,21.70000000,16724895,16724895,1683249375674,False,True
11925485,0.96260000,175.60000000,16724896,16724896,1683249376465,False,True
11925486,0.96260000,15.60000000,16724897,16724897,1683249377867,False,True
11925487,0.96280000,240.10000000,16724898,16724898,1683249378067,False,True
11925488,0.96280000,165.80000000,16724899,16724899,1683249431907,False,True
11925489,0.96290000,254.60000000,16724900,16724901,1683249431907,False,True
11925490,0.96320000,58.30000000,16724902,16724902,1683249436267,False,True
11925491,0.96380000,117.70000000,16724903,16724903,1683249436267,False,True
11925492,0.96380000,241.20000000,16724904,16724906,1683249436700,False,True
11925493,0.96390000,13.10000000,16724907,16724907,1683249444704,False,True
11925494,0.96390000,88.60000000,16724908,16724908,1683249464274,False,True
11925495,0.96390000,22.30000000,16724909,16724909,1683249490321,False,True
11925496,0.96390000,17.10000000,16724910,16724910,1683249492205,False,True
11925497,0.96390000,239.50000000,16724911,16724911,1683249496564,False,True
11925498,0.96390000,175.80000000,16724912,16724912,1683249496731,False,True
11925499,0.96390000,80.30000000,16724913,16724913,1683249496745,False,True
11925500,0.96390000,126.00000000,16724914,16724916,1683249499598,True,True
11925501,0.96380000,122.80000000,16724917,16724917,1683249499598,True,True
11925502,0.96360000,213.20000000,16724918,16724919,1683249499603,True,True
11925503,0.96340000,118.80000000,16724920,16724920,1683249499606,True,True
11925504,0.96300000,124.50000000,16724921,16724921,1683249499616,True,True
11925505,0.96250000,119.40000000,16724922,16724922,1683249499675,True,True
11925506,0.96220000,50.00000000,16724923,16724923,1683249507058,True,True
11925507,0.96210000,19.40000000,16724924,16724924,1683249507058,True,True
11925508,0.96210000,19.80000000,16724925,16724925,1683249507065,False,True
11925509,0.96140000,388.20000000,16724926,16724927,1683249526581,True,True
11925510,0.96120000,14.80000000,16724928,16724928,1683249526581,True,True
11925511,0.96120000,84.20000000,16724929,16724929,1683249526590,True,True
11925512,0.96100000,161.10000000,16724930,16724930,1683249526590,True,True
11925513,0.96200000,111.00000000,16724931,16724931,1683249554350,False,True
11925514,0.96210000,65.30000000,16724932,16724932,1683249554350,False,True
11925515,0.96210000,240.30000000,16724933,16724933,1683249555735,False,True
11925516,0.96210000,30.30000000,16724934,16724934,1683249612521,False,True
11925517,0.96210000,1231.00000000,16724935,16724935,1683249614791,False,True
11925518,0.96210000,2456.60000000,16724936,16724937,1683249614861,False,True
11925519,0.96260000,124.40000000,16724938,16724938,1683249614865,False,True
11925520,0.96280000,116.50000000,16724939,16724939,1683249614865,False,True
11925521,0.96380000,51.80000000,16724940,16724940,1683249615410,False,True
11925522,0.96400000,259.30000000,16724941,16724941,1683249616009,False,True
11925523,0.96440000,99.00000000,16724942,16724942,1683249618026,False,True
11925524,0.96450000,141.00000000,16724943,16724943,1683249618026,False,True
11925525,0.96380000,92.10000000,16724944,16724945,1683249620997,True,True
11925526,0.96370000,50.00000000,16724946,16724946,1683249620997,True,True
11925527,0.96360000,335.50000000,16724947,16724947,1683249620997,True,True
11925528,0.96350000,176.10000000,16724948,16724948,1683249621913,False,True
11925529,0.96260000,50.00000000,16724949,16724949,1683249632274,True,True
11925530,0.96250000,99.00000000,16724950,16724950,1683249632274,True,True
11925531,0.96250000,50.00000000,16724951,16724951,1683249644480,True,True
11925532,0.96240000,9.20000000,16724952,16724952,1683249644480,True,True
11925533,0.96410000,175.90000000,16724953,16724954,1683249675548,False,True
11925534,0.96430000,64.00000000,16724955,16724955,1683249675548,False,True
11925535,0.96470000,175.80000000,16724956,16724957,1683249677631,False,True
11925536,0.96500000,0.30000000,16724958,16724958,1683249677631,False,True
11925537,0.96350000,216.60000000,16724959,16724959,1683249762712,False,True
11925538,0.96310000,19.10000000,16724960,16724960,1683249775777,True,True
11925539,0.96260000,50.00000000,16724961,16724961,1683249775777,True,True
11925540,0.96220000,34.90000000,16724962,16724962,1683249775777,True,True
11925541,0.96220000,64.10000000,16724963,16724963,1683249775818,True,True
11925542,0.96200000,76.80000000,16724964,16724964,1683249775818,True,True
11925543,0.96150000,99.00000000,16724965,16724965,1683249777764,True,True
11925544,0.96130000,44.00000000,16724966,16724966,1683249777764,True,True
11925545,0.96150000,99.00000000,16724967,16724967,1683249779112,True,True
11925546,0.96140000,199.50000000,16724968,16724968,1683249779112,True,True
11925547,0.96190000,77.40000000,16724969,16724969,1683249796187,False,True
11925548,0.96200000,162.80000000,16724970,16724972,1683249796187,False,True
11925549,0.96220000,176.20000000,16724973,16724973,1683249796728,False,True
11925550,0.96250000,317.60000000,16724974,16724974,1683249798176,True,True
11925551,0.96240000,74.50000000,16724975,16724975,1683249798176,True,True
11925552,0.96160000,97.10000000,16724976,16724977,1683249822590,True,True
11925553,0.96360000,99.00000000,16724978,16724978,1683249856052,False,True
11925554,0.96370000,141.10000000,16724979,16724979,1683249856052,False,True
11925555,0.96410000,99.00000000,16724980,16724980,1683249856247,False,True
11925556,0.96420000,77.20000000,16724981,16724982,1683249856247,False,True
11925557,0.96300000,50.00000000,16724983,16724983,1683249867881,True,True
11925558,0.96290000,103.70000000,16724984,16724985,1683249867881,True,True
11925559,0.96390000,30.30000000,16724986,16724986,1683249914060,False,True
11925560,0.96390000,239.80000000,16724987,16724987,1683249916785,False,True
11925561,0.96430000,176.00000000,16724988,16724988,1683249918146,False,True
11925562,0.96470000,239.40000000,16724989,16724990,1683249975958,False,True
11925563,0.96510000,175.70000000,16724991,16724991,1683249977031,False,True
11925564,0.96510000,14.40000000,16724992,16724992,1683249982188,False,True
11925565,0.96440000,12.60000000,16724993,16724993,1683249998479,True,True
11925566,0.96480000,213.30000000,16724994,16724994,1683249998725,True,True
11925567,0.96480000,128.10000000,16724995,16724995,1683249998725,True,True
11925568,0.96470000,14.60000000,16724996,16724996,1683249998731,True,True
11925569,0.96550000,207.10000000,16724997,16724997,1683250000346,False,True
11925570,0.96560000,357.50000000,16724998,16724999,1683250000346,False,True
11925571,0.96570000,345.10000000,16725000,16725000,1683250000346,False,True
11925572,0.96590000,21.60000000,16725001,16725001,1683250000346,False,True
11925573,0.96580000,207.00000000,16725002,16725002,1683250002333,False,True
11925574,0.96590000,387.90000000,16725003,16725004,1683250002333,False,True
11925575,0.96610000,304.10000000,16725005,16725005,1683250002333,False,True
11925576,0.96620000,32.30000000,16725006,16725006,1683250002333,False,True
11925577,0.96510000,50.00000000,16725007,16725007,1683250002821,True,True
11925578,0.96580000,318.10000000,16725008,16725008,1683250003338,False,True
11925579,0.96590000,207.00000000,16725009,16725009,1683250003338,False,True
11925580,0.96620000,226.40000000,16725010,16725010,1683250003338,False,True
11925581,0.96650000,28.80000000,16725011,16725011,1683250003338,False,True
11925582,0.96660000,151.00000000,16725012,16725012,1683250003338,False,True
11925583,0.96500000,53.60000000,16725013,16725014,1683250030002,True,True
11925584,0.96630000,111.20000000,16725015,16725016,1683250039725,False,True
11925585,0.96640000,128.10000000,16725017,16725017,1683250039725,False,True
11925586,0.96510000,50.00000000,16725018,16725018,1683250044452,True,True
11925587,0.96510000,20.70000000,16725019,16725019,1683250054169,False,True
11925588,0.96550000,40.60000000,16725020,16725020,1683250054423,True,True
11925589,0.96670000,41.20000000,16725021,16725021,1683250081697,False,True
11925590,0.96660000,206.90000000,16725022,16725022,1683250116253,False,True
11925591,0.96670000,173.80000000,16725023,16725023,1683250116253,False,True
11925592,0.96730000,135.10000000,16725024,16725024,1683250116253,False,True
11925593,0.96760000,159.10000000,16725025,16725026,1683250116253,False,True
11925594,0.96770000,114.30000000,16725027,16725027,1683250116253,False,True
11925595,0.96780000,116.10000000,16725028,16725028,1683250116253,False,True
11925596,0.96800000,121.10000000,16725029,16725029,1683250116253,False,True
11925597,0.96820000,20.50000000,16725030,16725030,1683250116253,False,True
11925598,0.96840000,1600.00000000,16725031,16725032,1683250116253,False,True
11925599,0.96850000,55.60000000,16725033,16725033,1683250116253,False,True
11925600,0.96610000,34.20000000,16725034,16725034,1683250116286,True,True
11925601,0.96680000,117.60000000,16725035,16725035,1683250116424,True,True
11925602,0.96670000,8.90000000,16725036,16725036,1683250116424,True,True
11925603,0.96720000,76.60000000,16725037,16725037,1683250179054,True,True
11925604,0.96700000,119.20000000,16725038,16725038,1683250179054,True,True
11925605,0.96690000,50.00000000,16725039,16725039,1683250179054,True,True
11925606,0.96680000,116.70000000,16725040,16725040,1683250179054,True,True
11925607,0.96670000,22.20000000,16725041,16725041,1683250179054,True,True
11925608,0.96660000,123.50000000,16725042,16725042,1683250179085,True,True
11925609,0.96540000,51.70000000,16725043,16725043,1683250179394,True,True
11925610,0.96480000,23.40000000,16725044,16725044,1683250179394,True,True
11925611,0.96490000,149.00000000,16725045,16725046,1683250196204,True,True
11925612,0.96490000,207.60000000,16725047,16725047,1683250196207,False,True
11925613,0.96470000,123.40000000,16725048,16725048,1683250196209,True,True
11925614,0.96490000,297.10000000,16725049,16725049,1683250196210,False,True
11925615,0.96490000,132.60000000,16725050,16725050,1683250196211,False,True
11925616,0.96490000,280.20000000,16725051,16725051,1683250209696,False,True
11925617,0.96490000,30.20000000,16725052,16725052,1683250211995,False,True
11925618,0.96490000,52.20000000,16725053,16725053,1683250219211,False,True
11925619,0.96500000,37.30000000,16725054,16725054,1683250219211,False,True
11925620,0.96660000,86.10000000,16725055,16725055,1683250219211,False,True
11925621,0.96570000,50.00000000,16725056,16725056,1683250220145,True,True
11925622,0.96560000,168.00000000,16725057,16725057,1683250220145,True,True
11925623,0.96610000,50.00000000,16725058,16725058,1683250251099,True,True
11925624,0.96530000,99.00000000,16725059,16725059,1683250253047,True,True
11925625,0.96520000,200.00000000,16725060,16725060,1683250253047,True,True
11925626,0.96560000,299.10000000,16725061,16725061,1683250255039,True,True
11925627,0.96580000,109.00000000,16725062,16725063,1683250256039,True,True
11925628,0.96570000,190.10000000,16725064,16725065,1683250256039,True,True
11925629,0.96570000,128.00000000,16725066,16725066,1683250256100,True,True
11925630,0.96470000,28.20000000,16725067,16725067,1683250271837,True,True
11925631,0.96600000,239.10000000,16725068,16725069,1683250272291,False,True
11925632,0.96630000,50.00000000,16725070,16725070,1683250277014,True,True
11925633,0.96730000,99.00000000,16725071,16725071,1683250279476,False,True
11925634,0.96740000,76.50000000,16725072,16725072,1683250279476,False,True
11925635,0.96660000,109.00000000,16725073,16725074,1683250285118,True,True
11925636,0.96620000,51.70000000,16725075,16725076,1683250297353,True,True
11925637,0.96620000,57.30000000,16725077,16725077,1683250301330,True,True
11925638,0.96610000,26.80000000,16725078,16725078,1683250301330,True,True
11925639,0.96750000,34.50000000,16725079,16725079,1683250322073,False,True
11925640,0.96750000,64.50000000,16725080,16725080,1683250333203,False,True
11925641,0.96760000,31.50000000,16725081,16725081,1683250333203,False,True
11925642,0.96780000,142.60000000,16725082,16725082,1683250333203,False,True
11925643,0.96770000,175.10000000,16725083,16725083,1683250333630,False,True
11925644,0.96800000,11.00000000,16725084,16725084,1683250360264,False,True
11925645,0.96850000,10.50000000,16725085,16725085,1683250360590,False,True
11925646,0.96830000,31.00000000,16725086,16725086,1683250369284,True,True
11925647,0.96890000,51.60000000,16725087,16725087,1683250378930,False,True
11925648,0.96930000,3.40000000,16725088,16725088,1683250378930,False,True
11925649,0.97010000,20.00000000,16725089,16725089,1683250482698,False,True
11925650,0.97010000,16.60000000,16725090,16725090,1683250496774,False,True
11925651,0.97010000,30.10000000,16725091,16725092,1683250514530,False,True
11925652,0.97010000,60.10000000,16725093,16725093,1683250514545,False,True
11925653,0.97050000,15.30000000,16725094,16725094,1683250565204,False,True
11925654,0.97050000,281.60000000,16725095,16725096,1683250565208,False,True
11925655,0.97100000,20.60000000,16725097,16725097,1683250594427,False,True
11925656,0.97100000,3.60000000,16725098,16725098,1683250608495,False,True
11925657,0.97180000,319.00000000,16725099,16725099,1683250608498,False,True
11925658,0.97160000,103.00000000,16725100,16725100,1683250608949,True,True
11925659,0.97310000,93.10000000,16725101,16725102,1683250639478,True,True
11925660,0.97290000,942.90000000,16725103,16725103,1683250639478,True,True
11925661,0.97260000,443.50000000,16725104,16725105,1683250641488,False,True
11925662,0.97280000,205.50000000,16725106,16725106,1683250641488,False,True
11925663,0.97290000,8.30000000,16725107,16725107,1683250641488,False,True
11925664,0.97320000,342.40000000,16725108,16725108,1683250641499,False,True
11925665,0.97350000,103.00000000,16725109,16725109,1683250641815,True,True
11925666,0.97390000,104.00000000,16725110,16725110,1683250647286,True,True
11925667,0.97390000,378.80000000,16725111,16725112,1683250648390,True,True
11925668,0.97180000,330.80000000,16725113,16725113,1683250650104,False,True
11925669,0.97190000,110.00000000,16725114,16725114,1683250650410,False,True
11925670,0.97350000,99.60000000,16725115,16725115,1683250650410,False,True
11925671,0.97360000,114.60000000,16725116,16725116,1683250650410,False,True
11925672,0.97360000,41.70000000,16725117,16725118,1683250650441,False,True
11925673,0.97370000,99.00000000,16725119,16725119,1683250650441,False,True
11925674,0.97390000,204.40000000,16725120,16725121,1683250650441,False,True
11925675,0.97410000,134.20000000,16725122,16725122,1683250650455,False,True
11925676,0.97420000,331.90000000,16725123,16725123,1683250650461,False,True
11925677,0.97430000,124.50000000,16725124,16725124,1683250650461,False,True
11925678,0.97490000,280.40000000,16725125,16725125,1683250650515,False,True
11925679,0.97500000,1498.10000000,16725126,16725126,1683250650515,False,True
11925680,0.97500000,702.20000000,16725127,16725127,1683250650517,False,True
11925681,0.97500000,1345.80000000,16725128,16725128,1683250650518,False,True
11925682,0.97500000,782.60000000,16725129,16725130,1683250650518,False,True
11925683,0.97540000,345.40000000,16725131,16725131,1683250650522,False,True
11925684,0.97550000,103.10000000,16725132,16725132,1683250650524,False,True
11925685,0.97480000,22.00000000,16725133,16725133,1683250650775,True,True
11925686,0.97540000,15.50000000,16725134,16725134,1683250651340,True,True
11925687,0.97540000,103.00000000,16725135,16725135,1683250652721,True,True
11925688,0.97590000,27.10000000,16725136,16725136,1683250653165,True,True
11925689,0.97530000,103.50000000,16725137,16725137,1683250654551,True,True
11925690,0.97520000,205.00000000,16725138,16725138,1683250655605,True,True
11925691,0.97560000,41.50000000,16725139,16725139,1683250670131,True,True
11925692,0.97600000,248.90000000,16725140,16725141,1683250683305,False,True
11925693,0.97600000,11.40000000,16725142,16725142,1683250683411,True,True
11925694,0.97600000,203.10000000,16725143,16725143,1683250683416,True,True
11925695,0.97600000,110.60000000,16725144,16725144,1683250683416,True,True
11925696,0.97600000,11.40000000,16725145,16725145,1683250685729,True,True
11925697,0.97610000,508.10000000,16725146,16725148,1683250689815,True,True
11925698,0.97600000,817.20000000,16725149,16725149,1683250689817,True,True
11925699,0.97580000,50.00000000,16725150,16725150,1683250689821,True,True
11925700,0.97550000,205.00000000,16725151,16725151,1683250689821,True,True
11925701,0.97530000,210.30000000,16725152,16725152,1683250689822,True,True
11925702,0.97460000,337.80000000,16725153,16725153,1683250689822,True,True
11925703,0.97480000,130.80000000,16725154,16725154,1683250689825,True,True
11925704,0.97440000,252.40000000,16725155,16725156,1683250689829,True,True
11925705,0.97450000,120.00000000,16725157,16725157,1683250689830,True,True
11925706,0.97420000,120.00000000,16725158,16725158,1683250689835,True,True
11925707,0.97580000,325.70000000,16725159,16725159,1683250692242,False,True
11925708,0.97600000,115.40000000,16725160,16725160,1683250692242,False,True
11925709,0.97610000,207.20000000,16725161,16725161,1683250692246,True,True
11925710,0.97610000,131.30000000,16725162,16725162,1683250692254,True,True
11925711,0.97610000,11.40000000,16725163,16725163,1683250692263,True,True
11925712,0.97650000,12.90000000,16725164,16725164,1683250697221,True,True
11925713,0.97650000,341.30000000,16725165,16725166,1683250697336,True,True
11925714,0.97630000,204.80000000,16725167,16725167,1683250705429,False,True
11925715,0.97550000,50.00000000,16725168,16725168,1683250746557,True,True
11925716,0.97510000,105.20000000,16725169,16725169,1683250746563,True,True
11925717,0.97500000,612.90000000,16725170,16725170,1683250746569,True,True
11925718,0.97490000,140.40000000,16725171,16725171,1683250769107,False,True
11925719,0.97570000,15.50000000,16725172,16725172,1683250804728,False,True
11925720,0.97570000,29.90000000,16725173,16725173,1683250809734,False,True
11925721,0.97540000,348.30000000,16725174,16725175,1683250826582,False,True
11925722,0.97550000,205.00000000,16725176,16725176,1683250826582,False,True
11925723,0.97570000,45.30000000,16725177,16725177,1683250826582,False,True
11925724,0.97620000,120.70000000,16725178,16725178,1683250826582,False,True
11925725,0.97630000,235.70000000,16725179,16725179,1683250826582,False,True
11925726,0.97640000,45.00000000,16725180,16725180,1683250826582,False,True
11925727,0.97630000,342.60000000,16725181,16725181,1683250833307,False,True
11925728,0.97640000,650.00000000,16725182,16725184,1683250833307,False,True
11925729,0.97660000,119.70000000,16725185,16725185,1683250833307,False,True
11925730,0.97740000,118.90000000,16725186,16725186,1683250833307,False,True
11925731,0.97760000,306.80000000,16725187,16725187,1683250833307,False,True
11925732,0.97790000,129.00000000,16725188,16725188,1683250833307,False,True
11925733,0.97810000,209.50000000,16725189,16725189,1683250833307,False,True
11925734,0.97840000,123.50000000,16725190,16725190,1683250833307,False,True
11925735,0.97730000,30.40000000,16725191,16725191,1683250843836,True,True
11925736,0.97730000,19.60000000,16725192,16725192,1683250843841,True,True
11925737,0.97830000,230.40000000,16725193,16725194,1683250847250,False,True
11925738,0.97840000,10.20000000,16725195,16725195,1683250847250,False,True
11925739,0.97850000,180.00000000,16725196,16725196,1683250847250,False,True
11925740,0.97880000,930.90000000,16725197,16725199,1683250847250,False,True
11925741,0.97930000,648.50000000,16725200,16725200,1683250847250,False,True
11925742,0.97890000,88.30000000,16725201,16725202,1683250849505,True,True
11925743,0.97880000,76.20000000,16725203,16725203,1683250849505,True,True
11925744,0.97860000,175.20000000,16725204,16725205,1683250849505,True,True
11925745,0.97840000,76.20000000,16725206,16725206,1683250849505,True,True
11925746,0.97820000,76.20000000,16725207,16725207,1683250849505,True,True
11925747,0.97800000,38.90000000,16725208,16725208,1683250849505,True,True
11925748,0.97810000,50.00000000,16725209,16725209,1683250857105,True,True
11925749,0.97830000,50.00000000,16725210,16725210,1683250875302,True,True
11925750,0.97810000,101.00000000,16725211,16725211,1683250880380,True,True
11925751,0.97830000,20.00000000,16725212,16725212,1683250891589,False,True
11925752,0.97990000,12.00000000,16725213,16725213,1683250907865,False,True
11925753,0.97830000,50.00000000,16725214,16725214,1683250914134,True,True
11925754,0.97960000,243.90000000,16725215,16725217,1683250915986,False,True
11925755,0.97970000,204.10000000,16725218,16725218,1683250915986,False,True
11925756,0.97990000,55.60000000,16725219,16725219,1683250915989,True,True
11925757,0.97830000,50.00000000,16725220,16725220,1683250922536,True,True
11925758,0.97920000,71.90000000,16725221,16725221,1683251011450,True,True
11925759,0.97900000,120.50000000,16725222,16725222,1683251011482,True,True
11925760,0.97880000,120.50000000,16725223,16725223,1683251011487,True,True
11925761,0.97860000,115.20000000,16725224,16725224,1683251011489,True,True
11925762,0.97830000,381.80000000,16725225,16725225,1683251011495,True,True
11925763,0.97810000,54.40000000,16725226,16725226,1683251011495,True,True
11925764,0.97810000,163.10000000,16725227,16725228,1683251011497,True,True
11925765,0.97740000,149.00000000,16725229,16725230,1683251044494,True,True
11925766,0.97730000,324.40000000,16725231,16725231,1683251044494,True,True
11925767,0.97700000,129.30000000,16725232,16725232,1683251044494,True,True
11925768,0.97660000,72.80000000,16725233,16725233,1683251044494,True,True
11925769,0.97640000,120.10000000,16725234,16725234,1683251044494,True,True
11925770,0.97600000,51.20000000,16725235,16725235,1683251044494,True,True
11925771,0.97570000,72.80000000,16725236,16725236,1683251044494,True,True
11925772,0.97560000,307.50000000,16725237,16725237,1683251044494,True,True
11925773,0.97540000,116.00000000,16725238,16725238,1683251044494,True,True
11925774,0.97530000,486.50000000,16725239,16725239,1683251044494,True,True
11925775,0.97520000,128.00000000,16725240,16725241,1683251044494,True,True
11925776,0.97500000,231.80000000,16725242,16725243,1683251044494,True,True
11925777,0.97450000,94.50000000,16725244,16725244,1683251044494,True,True
11925778,0.97440000,307.80000000,16725245,16725245,1683251044494,True,True
11925779,0.97430000,616.70000000,16725246,16725246,1683251044494,True,True
11925780,0.97420000,173.00000000,16725247,16725248,1683251044494,True,True
11925781,0.97390000,1688.90000000,16725249,16725249,1683251044494,True,True
11925782,0.97300000,271.50000000,16725250,16725250,1683251044498,False,True
11925783,0.97300000,392.70000000,16725251,16725251,1683251044498,False,True
11925784,0.97300000,1564.60000000,16725252,16725252,1683251044498,False,True
11925785,0.97300000,271.50000000,16725253,16725253,1683251044499,False,True
11925786,0.97300000,314.30000000,16725254,16725254,1683251044499,False,True
11925787,0.97500000,102.60000000,16725255,16725255,1683251044507,True,True
11925788,0.97500000,19.30000000,16725256,16725256,1683251044510,True,True
11925789,0.97830000,127.30000000,16725257,16725257,1683251044510,False,True
11925790,0.97860000,574.80000000,16725258,16725259,1683251044510,False,True
11925791,0.97870000,273.90000000,16725260,16725262,1683251044510,False,True
11925792,0.97580000,223.20000000,16725263,16725264,1683251044628,False,True
11925793,0.97660000,94.50000000,16725265,16725265,1683251047302,False,True
11925794,0.97780000,75.70000000,16725266,16725266,1683251047302,False,True
11925795,0.97580000,19.30000000,16725267,16725267,1683251053012,True,True
11925796,0.97650000,301.60000000,16725268,16725268,1683251053256,False,True
11925797,0.97650000,29.90000000,16725269,16725269,1683251114481,False,True
11925798,0.97650000,208.20000000,16725270,16725270,1683251166785,False,True
11925799,0.97650000,782.70000000,16725271,16725271,1683251166787,False,True
11925800,0.97650000,261.50000000,16725272,16725273,1683251166787,False,True
11925801,0.97670000,12.00000000,16725274,16725274,1683251166863,False,True
11925802,0.97670000,93.10000000,16725275,16725275,1683251224543,True,True
11925803,0.97670000,111.60000000,16725276,16725276,1683251236799,True,True
11925804,0.97680000,98.80000000,16725277,16725277,1683251248282,False,True
11925805,0.97690000,12.40000000,16725278,16725278,1683251248282,False,True
11925806,0.97700000,105.20000000,16725279,16725279,1683251248282,False,True
11925807,0.97720000,121.10000000,16725280,16725280,1683251248286,False,True
11925808,0.97740000,115.30000000,16725281,16725281,1683251248286,False,True
11925809,0.97760000,229.90000000,16725282,16725283,1683251248286,False,True
11925810,0.97700000,39.40000000,16725284,16725284,1683251248289,True,True
11925811,0.97620000,18.70000000,16725285,16725285,1683251304741,True,True
11925812,0.97690000,50.00000000,16725286,16725286,1683251330546,True,True
11925813,0.97720000,50.00000000,16725287,16725287,1683251347775,True,True
11925814,0.97710000,151.50000000,16725288,16725288,1683251347855,True,True
11925815,0.97680000,50.00000000,16725289,16725289,1683251355964,True,True
11925816,0.97670000,52.40000000,16725290,16725290,1683251355964,True,True
11925817,0.97670000,100.20000000,16725291,16725291,1683251355995,True,True
11925818,0.97580000,99.00000000,16725292,16725292,1683251356165,True,True
11925819,0.97680000,99.00000000,16725293,16725293,1683251358850,False,True
11925820,0.97690000,221.50000000,16725294,16725295,1683251358850,False,True
11925821,0.97700000,75.70000000,16725296,16725296,1683251358850,False,True
11925822,0.97740000,100.60000000,16725297,16725297,1683251409276,False,True
11925823,0.97710000,8.10000000,16725298,16725298,1683251420479,True,True
11925824,0.97640000,50.00000000,16725299,16725299,1683251420479,True,True
11925825,0.97560000,28.70000000,16725300,16725300,1683251420479,True,True
11925826,0.97690000,50.00000000,16725301,16725301,1683251456074,True,True
11925827,0.97680000,206.40000000,16725302,16725302,1683251456074,True,True
11925828,0.97620000,16.50000000,16725303,16725303,1683251456074,True,True
11925829,0.97790000,16.90000000,16725304,16725304,1683251456119,False,True
11925830,0.97630000,50.00000000,16725305,16725305,1683251460072,True,True
11925831,0.97620000,91.70000000,16725306,16725306,1683251460072,True,True
11925832,0.97540000,157.50000000,16725307,16725307,1683251462064,True,True
11925833,0.97690000,304.60000000,16725308,16725309,1683251520838,False,True
11925834,0.97770000,334.50000000,16725310,16725310,1683251520838,False,True
11925835,0.97790000,215.80000000,16725311,16725311,1683251520838,False,True
11925836,0.97800000,550.40000000,16725312,16725313,1683251520838,False,True
11925837,0.97810000,123.70000000,16725314,16725314,1683251520838,False,True
11925838,0.97820000,426.30000000,16725315,16725316,1683251520838,False,True
11925839,0.97840000,114.40000000,16725317,16725317,1683251520838,False,True
11925840,0.97860000,122.40000000,16725318,16725318,1683251520838,False,True
11925841,0.97870000,145.60000000,16725319,16725320,1683251520838,False,True
11925842,0.97880000,420.70000000,16725321,16725322,1683251520838,False,True
11925843,0.97920000,74.60000000,16725323,16725323,1683251520838,False,True
11925844,0.97930000,131.10000000,16725324,16725324,1683251520838,False,True
11925845,0.97950000,800.00000000,16725325,16725325,1683251520838,False,True
11925846,0.97960000,644.20000000,16725326,16725326,1683251520838,False,True
11925847,0.97970000,510.80000000,16725327,16725327,1683251520838,False,True
11925848,0.97980000,121.90000000,16725328,16725328,1683251520838,False,True
11925849,0.97990000,61.60000000,16725329,16725329,1683251520838,False,True
11925850,0.97820000,130.90000000,16725330,16725330,1683251520977,True,True
11925851,0.97820000,130.90000000,16725331,16725331,1683251521001,True,True
11925852,0.97820000,53.90000000,16725332,16725332,1683251521004,True,True
11925853,0.97820000,130.90000000,16725333,16725333,1683251521034,True,True
11925854,0.97820000,188.10000000,16725334,16725334,1683251521038,True,True
11925855,0.97820000,99.00000000,16725335,16725335,1683251521074,True,True
11925856,0.97820000,99.00000000,16725336,16725337,1683251521092,True,True
11925857,0.97840000,50.00000000,16725338,16725338,1683251521149,True,True
11925858,0.97930000,28.20000000,16725339,16725339,1683251533604,True,True
11925859,0.97930000,74.50000000,16725340,16725340,1683251533655,True,True
11925860,0.97940000,114.20000000,16725341,16725341,1683251546139,True,True
11925861,0.97900000,51.30000000,16725342,16725342,1683251546139,True,True
11925862,0.97890000,204.30000000,16725343,16725343,1683251546139,True,True
11925863,0.97870000,13.70000000,16725344,16725344,1683251546139,True,True
11925864,0.97870000,36.30000000,16725345,16725345,1683251546162,True,True
11925865,0.98000000,20.50000000,16725346,16725346,1683251668316,False,True
11925866,0.98000000,303.60000000,16725347,16725347,1683251678268,False,True
11925867,0.98010000,99.00000000,16725348,16725348,1683251678273,False,True
11925868,0.98020000,204.00000000,16725349,16725349,1683251678273,False,True
11925869,0.98010000,159.40000000,16725350,16725350,1683251678278,False,True
11925870,0.98000000,26.30000000,16725351,16725351,1683251678302,True,True
11925871,0.98000000,589.90000000,16725352,16725352,1683251678332,True,True
11925872,0.97890000,116.60000000,16725353,16725355,1683251679536,True,True
11925873,0.98010000,339.20000000,16725356,16725356,1683251752106,True,True
11925874,0.98000000,287.40000000,16725357,16725357,1683251752168,True,True
11925875,0.97950000,50.00000000,16725358,16725358,1683251760080,True,True
11925876,0.97940000,119.20000000,16725359,16725359,1683251760080,True,True
11925877,0.97920000,125.00000000,16725360,16725360,1683251760086,True,True
11925878,0.97900000,117.30000000,16725361,16725361,1683251760096,True,True
11925879,0.97890000,50.00000000,16725362,16725362,1683251760098,True,True
11925880,0.97880000,203.40000000,16725363,16725363,1683251760098,True,True
11925881,0.97880000,137.50000000,16725364,16725365,1683251760100,True,True
11925882,0.97870000,16.80000000,16725366,16725366,1683251760100,True,True
11925883,0.97920000,423.90000000,16725367,16725368,1683251775389,False,True
11925884,0.97980000,81.60000000,16725369,16725369,1683251775389,False,True
11925885,0.97980000,10.70000000,16725370,16725370,1683251799033,False,True
11925886,0.97940000,100.00000000,16725371,16725371,1683251799100,True,True
11925887,0.97880000,50.00000000,16725372,16725372,1683251804534,True,True
11925888,0.97870000,21.00000000,16725373,16725373,1683251804534,True,True
11925889,0.97870000,294.70000000,16725374,16725374,1683251804552,True,True
11925890,0.97840000,149.00000000,16725375,16725376,1683251872034,True,True
11925891,0.97860000,50.00000000,16725377,16725377,1683251894538,True,True
11925892,0.97850000,187.40000000,16725378,16725378,1683251894538,True,True
11925893,0.97950000,100.00000000,16725379,16725379,1683251913733,False,True
11925894,0.97950000,125.20000000,16725380,16725381,1683251917542,False,True
11925895,0.97960000,944.30000000,16725382,16725382,1683251917542,False,True
11925896,0.98010000,296.90000000,16725383,16725383,1683251917552,True,True
11925897,0.98010000,31.30000000,16725384,16725384,1683251917554,True,True
11925898,0.98000000,368.30000000,16725385,16725385,1683251917554,True,True
11925899,0.98000000,256.30000000,16725386,16725386,1683251917575,True,True
11925900,0.98000000,130.70000000,16725387,16725387,1683251917584,True,True
11925901,0.98020000,426.00000000,16725388,16725389,1683251918939,False,True
11925902,0.98010000,337.30000000,16725390,16725390,1683251919431,True,True
11925903,0.98020000,255.00000000,16725391,16725391,1683251920235,False,True
11925904,0.98070000,254.90000000,16725392,16725392,1683251920889,False,True
11925905,0.98080000,52.10000000,16725393,16725393,1683251922367,False,True
11925906,0.98120000,40.60000000,16725394,16725395,1683251977593,False,True
11925907,0.98130000,254.70000000,16725396,16725396,1683251988216,False,True
11925908,0.98190000,201.60000000,16725397,16725397,1683251988216,False,True
11925909,0.98230000,51.80000000,16725398,16725399,1683251996417,False,True
11925910,0.98230000,61.00000000,16725400,16725400,1683251996421,True,True
11925911,0.98230000,62.40000000,16725401,16725401,1683251996423,True,True
11925912,0.98230000,30.30000000,16725402,16725402,1683251997236,True,True
11925913,0.98230000,674.70000000,16725403,16725403,1683251998518,True,True
11925914,0.98230000,1372.40000000,16725404,16725404,1683252001885,True,True
11925915,0.98180000,39.50000000,16725405,16725405,1683252004674,False,True
11925916,0.98180000,12.70000000,16725406,16725406,1683252005352,False,True
